2022-06-08 opening balances
	assets:wallet:avax				4.3212709695 AVAX
	assets:wallet:mim				47.44117235034511 MIM
	assets:wallet:grape				27.033738762624562 GRAPE
	assets:wallet:wine				0.10375307627134266 WINE
	assets:wallet:grape_mim_lp				0.3459936007073787 GRAPE_MIM_LP
	assets:wallet:grape_wine_lp				0.05213227023504583 GRAPE_WINE_LP
	assets:wallet:mim_wine_lp				0.024096165992794297 MIM_WINE_LP
	assets:buckets:nodes_grape				0 NODES_GRAPE
	assets:buckets:nodes_grape_claimable				0 NODES_GRAPE_CLAIMABLE
	assets:buckets:nodes_wine				1 NODES_WINE
	assets:buckets:nodes_wine_claimable				0.037678431152517816 NODES_WINE_CLAIMABLE
	assets:buckets:vineyard_grape_mim_lp_staked				56 VINEYARD_GRAPE_MIM_LP_STAKED
	assets:buckets:vineyard_grape_mim_lp_wine_claimable				0.02114709017598447 VINEYARD_GRAPE_MIM_LP_WINE_CLAIMABLE
	assets:buckets:vineyard_grape_wine_lp_staked				1 VINEYARD_GRAPE_WINE_LP_STAKED
	assets:buckets:vineyard_grape_wine_lp_wine_claimable				0.011173868552299158 VINEYARD_GRAPE_WINE_LP_WINE_CLAIMABLE
	assets:buckets:vineyard_mim_wine_lp_staked				1.3 VINEYARD_MIM_WINE_LP_STAKED
	assets:buckets:vineyard_mim_wine_lp_wine_claimable				0.014305811153330503 VINEYARD_MIM_WINE_LP_WINE_CLAIMABLE
	assets:buckets:vineyard_grape_staked				40 VINEYARD_GRAPE_STAKED
	assets:buckets:vineyard_grape_staked_wine_claimable				0.01223880669526952 VINEYARD_GRAPE_STAKED_WINE_CLAIMABLE
	assets:buckets:winery_grape_claimable				14.807147047595896 WINERY_GRAPE_CLAIMABLE
	assets:buckets:winery_wine_staked				1 WINERY_WINE_STAKED
	equity

2022-06-08 grapefinance-vineyard.withdraw
	assets:wallet:avax				-0.019632149999999626 AVAX
	assets:wallet:wine				0.021149135742795366 WINE
	assets:buckets:nodes_wine_claimable				0.0000031411306457770904 NODES_WINE_CLAIMABLE
	assets:buckets:vineyard_grape_mim_lp_wine_claimable				-0.02114709017598447 VINEYARD_GRAPE_MIM_LP_WINE_CLAIMABLE
	assets:buckets:vineyard_grape_wine_lp_wine_claimable				6.782340680779042e-7 VINEYARD_GRAPE_WINE_LP_WINE_CLAIMABLE
	assets:buckets:vineyard_mim_wine_lp_wine_claimable				7.390451570391671e-7 VINEYARD_MIM_WINE_LP_WINE_CLAIMABLE
	assets:buckets:vineyard_grape_staked_wine_claimable				6.449813878001837e-7 VINEYARD_GRAPE_STAKED_WINE_CLAIMABLE


2022-06-08 grapefinance-vineyard.withdraw
	assets:wallet:avax				-0.019632149999999626 AVAX
	assets:wallet:wine				4.649015476754226e-8 WINE
	assets:buckets:nodes_wine_claimable				7.138933285494309e-8 NODES_WINE_CLAIMABLE
	assets:buckets:vineyard_grape_wine_lp_wine_claimable				1.5414410638528442e-8 VINEYARD_GRAPE_WINE_LP_WINE_CLAIMABLE
	assets:buckets:vineyard_mim_wine_lp_wine_claimable				1.6796480841602124e-8 VINEYARD_MIM_WINE_LP_WINE_CLAIMABLE
	assets:buckets:vineyard_grape_staked_wine_claimable				1.4658667920122714e-8 VINEYARD_GRAPE_STAKED_WINE_CLAIMABLE


2022-06-08 grapefinance-vineyard.withdraw
	assets:wallet:avax				-0.019632150000000514 AVAX
	assets:wallet:wine				4.649015475366447e-8 WINE
	assets:buckets:nodes_wine_claimable				7.138933286188198e-8 NODES_WINE_CLAIMABLE
	assets:buckets:vineyard_grape_wine_lp_wine_claimable				1.5414410638528442e-8 VINEYARD_GRAPE_WINE_LP_WINE_CLAIMABLE
	assets:buckets:vineyard_mim_wine_lp_wine_claimable				1.67964808398674e-8 VINEYARD_MIM_WINE_LP_WINE_CLAIMABLE
	assets:buckets:vineyard_grape_staked_wine_claimable				1.4658667878489351e-8 VINEYARD_GRAPE_STAKED_WINE_CLAIMABLE


2022-06-08 grapefinance-winery.claimReward
	assets:wallet:avax				-0.019068299999999816 AVAX
	assets:wallet:grape				14.807147047595894 GRAPE
	assets:buckets:nodes_wine_claimable				1.4277866571682507e-7 NODES_WINE_CLAIMABLE
	assets:buckets:vineyard_grape_mim_lp_wine_claimable				9.2980309576e-8 VINEYARD_GRAPE_MIM_LP_WINE_CLAIMABLE
	assets:buckets:vineyard_grape_wine_lp_wine_claimable				3.082882127532216e-8 VINEYARD_GRAPE_WINE_LP_WINE_CLAIMABLE
	assets:buckets:vineyard_mim_wine_lp_wine_claimable				3.359296168493897e-8 VINEYARD_MIM_WINE_LP_WINE_CLAIMABLE
	assets:buckets:vineyard_grape_staked_wine_claimable				2.931733584024543e-8 VINEYARD_GRAPE_STAKED_WINE_CLAIMABLE
	assets:buckets:winery_grape_claimable				-14.807147047595896 WINERY_GRAPE_CLAIMABLE


2022-06-08 grapefinance-winenode.claim
	assets:wallet:avax				-0.025600725000000324 AVAX
	assets:wallet:wine				0.03768192922982788 WINE
	assets:buckets:nodes_wine_claimable				-0.03768185784049503 NODES_WINE_CLAIMABLE
	assets:buckets:vineyard_grape_mim_lp_wine_claimable				4.649015476e-8 VINEYARD_GRAPE_MIM_LP_WINE_CLAIMABLE
	assets:buckets:vineyard_grape_wine_lp_wine_claimable				1.5414410638528442e-8 VINEYARD_GRAPE_WINE_LP_WINE_CLAIMABLE
	assets:buckets:vineyard_mim_wine_lp_wine_claimable				1.6796480841602124e-8 VINEYARD_MIM_WINE_LP_WINE_CLAIMABLE
	assets:buckets:vineyard_grape_staked_wine_claimable				1.4658667880224074e-8 VINEYARD_GRAPE_STAKED_WINE_CLAIMABLE


2022-06-08 grapefinance-vineyard.withdraw
	assets:wallet:avax				-0.019632149999999626 AVAX
	assets:wallet:wine				0.02121198814557866 WINE
	assets:buckets:nodes_wine_claimable				0.0000012121856033248113 NODES_WINE_CLAIMABLE
	assets:buckets:vineyard_grape_mim_lp_wine_claimable				-0.02121119789132893 VINEYARD_GRAPE_MIM_LP_WINE_CLAIMABLE
	assets:buckets:vineyard_grape_wine_lp_wine_claimable				2.560014183243531e-7 VINEYARD_GRAPE_WINE_LP_WINE_CLAIMABLE
	assets:buckets:vineyard_mim_wine_lp_wine_claimable				1.5114258095604016e-7 VINEYARD_MIM_WINE_LP_WINE_CLAIMABLE
	assets:buckets:vineyard_grape_staked_wine_claimable				2.490105604404519e-7 VINEYARD_GRAPE_STAKED_WINE_CLAIMABLE


2022-06-08 grapefinance-vineyard.withdraw
	assets:wallet:avax				-0.019632149999999626 AVAX
	assets:wallet:wine				5.578265292321971e-7 WINE
	assets:buckets:nodes_wine_claimable				4.991352484245981e-7 NODES_WINE_CLAIMABLE
	assets:buckets:vineyard_grape_wine_lp_wine_claimable				1.9576579048281861e-7 VINEYARD_GRAPE_WINE_LP_WINE_CLAIMABLE
	assets:buckets:vineyard_mim_wine_lp_wine_claimable				2.0152344127472022e-7 VINEYARD_MIM_WINE_LP_WINE_CLAIMABLE
	assets:buckets:vineyard_grape_staked_wine_claimable				1.9041984031936687e-7 VINEYARD_GRAPE_STAKED_WINE_CLAIMABLE


2022-06-08 grapefinance-vineyard.withdraw
	assets:wallet:avax				-0.019632150000000514 AVAX
	assets:wallet:wine				6.043120733545404e-7 WINE
	assets:buckets:nodes_wine_claimable				4.991352484245981e-7 NODES_WINE_CLAIMABLE
	assets:buckets:vineyard_grape_mim_lp_wine_claimable				-1.39456632336e-7 VINEYARD_GRAPE_MIM_LP_WINE_CLAIMABLE
	assets:buckets:vineyard_grape_wine_lp_wine_claimable				1.8070688352286868e-7 VINEYARD_GRAPE_WINE_LP_WINE_CLAIMABLE
	assets:buckets:vineyard_mim_wine_lp_wine_claimable				2.1831706138036866e-7 VINEYARD_MIM_WINE_LP_WINE_CLAIMABLE
	assets:buckets:vineyard_grape_staked_wine_claimable				1.4647680023939513e-7 VINEYARD_GRAPE_STAKED_WINE_CLAIMABLE


2022-06-08 grapefinance-winery.claimReward
	assets:wallet:avax				-0.02354579999999995 AVAX
	assets:wallet:grape				15.558462846252286 GRAPE
	assets:buckets:nodes_wine_claimable				9.269654613688894e-7 NODES_WINE_CLAIMABLE
	assets:buckets:vineyard_grape_mim_lp_wine_claimable				3.7188435284e-7 VINEYARD_GRAPE_MIM_LP_WINE_CLAIMABLE
	assets:buckets:vineyard_grape_wine_lp_wine_claimable				1.8070688352286868e-7 VINEYARD_GRAPE_WINE_LP_WINE_CLAIMABLE
	assets:buckets:vineyard_mim_wine_lp_wine_claimable				1.0076172063736011e-7 VINEYARD_MIM_WINE_LP_WINE_CLAIMABLE
	assets:buckets:vineyard_grape_staked_wine_claimable				1.7577216027998832e-7 VINEYARD_GRAPE_STAKED_WINE_CLAIMABLE
	assets:buckets:winery_grape_claimable				-15.558462846252286 WINERY_GRAPE_CLAIMABLE


2022-06-08 grapefinance-winenode.claim
	assets:wallet:avax				-0.025600724999999436 AVAX
	assets:wallet:wine				0.037781367296762555 WINE
	assets:buckets:nodes_wine_claimable				-0.03778079688193455 NODES_WINE_CLAIMABLE
	assets:buckets:vineyard_grape_mim_lp_wine_claimable				4.1836989700799997e-7 VINEYARD_GRAPE_MIM_LP_WINE_CLAIMABLE
	assets:buckets:vineyard_grape_wine_lp_wine_claimable				1.0541234872138427e-7 VINEYARD_GRAPE_WINE_LP_WINE_CLAIMABLE
	assets:buckets:vineyard_mim_wine_lp_wine_claimable				2.0152344127472022e-7 VINEYARD_MIM_WINE_LP_WINE_CLAIMABLE
	assets:buckets:vineyard_grape_staked_wine_claimable				7.323840012056493e-8 VINEYARD_GRAPE_STAKED_WINE_CLAIMABLE


2022-06-09 grapefinance-vineyard.withdraw
	assets:wallet:avax				-0.019632150000000514 AVAX
	assets:wallet:wine				0.000009883897915285988 WINE
	assets:buckets:nodes_wine_claimable				0.000013041474535645248 NODES_WINE_CLAIMABLE
	assets:buckets:vineyard_grape_wine_lp_wine_claimable				0.000003009192029564123 VINEYARD_GRAPE_WINE_LP_WINE_CLAIMABLE
	assets:buckets:vineyard_mim_wine_lp_wine_claimable				0.0000036119147409641172 VINEYARD_MIM_WINE_LP_WINE_CLAIMABLE
	assets:buckets:vineyard_grape_staked_wine_claimable				0.000003134389439000268 VINEYARD_GRAPE_STAKED_WINE_CLAIMABLE


2022-06-09 grapefinance-vineyard.withdraw
	assets:wallet:avax				-0.019632149999999626 AVAX
	assets:wallet:wine				4.5131953951838e-8 WINE
	assets:buckets:nodes_wine_claimable				5.955011203508803e-8 NODES_WINE_CLAIMABLE
	assets:buckets:vineyard_grape_wine_lp_wine_claimable				1.3740602875997321e-8 VINEYARD_GRAPE_WINE_LP_WINE_CLAIMABLE
	assets:buckets:vineyard_mim_wine_lp_wine_claimable				1.649276137535849e-8 VINEYARD_MIM_WINE_LP_WINE_CLAIMABLE
	assets:buckets:vineyard_grape_staked_wine_claimable				1.4312280558620438e-8 VINEYARD_GRAPE_STAKED_WINE_CLAIMABLE


2022-06-09 grapefinance-vineyard.withdraw
	assets:wallet:avax				-0.019632150000000514 AVAX
	assets:wallet:wine				0.000006814925046616516 WINE
	assets:buckets:nodes_wine_claimable				0.000008992066917272272 NODES_WINE_CLAIMABLE
	assets:buckets:vineyard_grape_wine_lp_wine_claimable				0.000002074831034083041 VINEYARD_GRAPE_WINE_LP_WINE_CLAIMABLE
	assets:buckets:vineyard_mim_wine_lp_wine_claimable				0.0000024904069675125984 VINEYARD_MIM_WINE_LP_WINE_CLAIMABLE
	assets:buckets:vineyard_grape_staked_wine_claimable				0.0000021611543620410345 VINEYARD_GRAPE_STAKED_WINE_CLAIMABLE


2022-06-09 grapefinance-vineyard.withdraw
	assets:wallet:avax				-0.019632149999999626 AVAX
	assets:wallet:wine				4.5131953924082424e-8 WINE
	assets:buckets:nodes_wine_claimable				5.955011203508803e-8 NODES_WINE_CLAIMABLE
	assets:buckets:vineyard_grape_wine_lp_wine_claimable				1.3740602872527874e-8 VINEYARD_GRAPE_WINE_LP_WINE_CLAIMABLE
	assets:buckets:vineyard_mim_wine_lp_wine_claimable				1.649276137535849e-8 VINEYARD_MIM_WINE_LP_WINE_CLAIMABLE
	assets:buckets:vineyard_grape_staked_wine_claimable				1.4312280560355162e-8 VINEYARD_GRAPE_STAKED_WINE_CLAIMABLE


2022-06-09 grapefinance-vineyard.withdraw
	assets:wallet:avax				-0.019632149999999626 AVAX
	assets:wallet:wine				0.000030238409147370637 WINE
	assets:buckets:nodes_wine_claimable				0.00003989857506339102 NODES_WINE_CLAIMABLE
	assets:buckets:vineyard_grape_wine_lp_wine_claimable				0.000009206203926062986 VINEYARD_GRAPE_WINE_LP_WINE_CLAIMABLE
	assets:buckets:vineyard_mim_wine_lp_wine_claimable				0.000011050150120758134 VINEYARD_MIM_WINE_LP_WINE_CLAIMABLE
	assets:buckets:vineyard_grape_staked_wine_claimable				0.000009589227964078989 VINEYARD_GRAPE_STAKED_WINE_CLAIMABLE


2022-06-09 grapefinance-vineyard.withdraw
	assets:wallet:avax				-0.019632150000000514 AVAX
	assets:wallet:wine				4.5131953924082424e-8 WINE
	assets:buckets:nodes_wine_claimable				5.955011203508803e-8 NODES_WINE_CLAIMABLE
	assets:buckets:vineyard_grape_wine_lp_wine_claimable				1.3740602875997321e-8 VINEYARD_GRAPE_WINE_LP_WINE_CLAIMABLE
	assets:buckets:vineyard_mim_wine_lp_wine_claimable				1.649276137535849e-8 VINEYARD_MIM_WINE_LP_WINE_CLAIMABLE
	assets:buckets:vineyard_grape_staked_wine_claimable				1.4312280560355162e-8 VINEYARD_GRAPE_STAKED_WINE_CLAIMABLE


2022-06-09 grapefinance-vineyard.withdraw
	assets:wallet:avax				-0.01963215000000007 AVAX
	assets:wallet:wine				9.929029868849248e-7 WINE
	assets:buckets:nodes_wine_claimable				0.0000013101024647676 NODES_WINE_CLAIMABLE
	assets:buckets:vineyard_grape_wine_lp_wine_claimable				3.022932632441855e-7 VINEYARD_GRAPE_WINE_LP_WINE_CLAIMABLE
	assets:buckets:vineyard_mim_wine_lp_wine_claimable				3.6284075023360063e-7 VINEYARD_MIM_WINE_LP_WINE_CLAIMABLE
	assets:buckets:vineyard_grape_staked_wine_claimable				3.148701719600522e-7 VINEYARD_GRAPE_STAKED_WINE_CLAIMABLE


2022-06-09 grapefinance-vineyard.withdraw
	assets:wallet:avax				-0.019632149999999626 AVAX
	assets:wallet:wine				4.5131953951838e-8 WINE
	assets:buckets:nodes_wine_claimable				5.955011203508803e-8 NODES_WINE_CLAIMABLE
	assets:buckets:vineyard_grape_wine_lp_wine_claimable				1.3740602874262597e-8 VINEYARD_GRAPE_WINE_LP_WINE_CLAIMABLE
	assets:buckets:vineyard_mim_wine_lp_wine_claimable				1.6492761371889042e-8 VINEYARD_MIM_WINE_LP_WINE_CLAIMABLE
	assets:buckets:vineyard_grape_staked_wine_claimable				1.4312280520456522e-8 VINEYARD_GRAPE_STAKED_WINE_CLAIMABLE


2022-06-09 grapefinance-vineyard.withdraw
	assets:wallet:avax				-0.01963215000000007 AVAX
	assets:wallet:wine				0.000007085716770327544 WINE
	assets:buckets:nodes_wine_claimable				0.000009349367589481933 NODES_WINE_CLAIMABLE
	assets:buckets:vineyard_grape_wine_lp_wine_claimable				0.0000021572746513303515 VINEYARD_GRAPE_WINE_LP_WINE_CLAIMABLE
	assets:buckets:vineyard_mim_wine_lp_wine_claimable				0.00000258936353576128 VINEYARD_MIM_WINE_LP_WINE_CLAIMABLE
	assets:buckets:vineyard_grape_staked_wine_claimable				0.0000022470280453198987 VINEYARD_GRAPE_STAKED_WINE_CLAIMABLE


2022-06-09 grapefinance-vineyard.withdraw
	assets:wallet:avax				-0.01963215000000007 AVAX
	assets:wallet:wine				4.5131953951838e-8 WINE
	assets:buckets:nodes_wine_claimable				5.955011203508803e-8 NODES_WINE_CLAIMABLE
	assets:buckets:vineyard_grape_wine_lp_wine_claimable				1.3740602874262597e-8 VINEYARD_GRAPE_WINE_LP_WINE_CLAIMABLE
	assets:buckets:vineyard_mim_wine_lp_wine_claimable				1.649276137535849e-8 VINEYARD_MIM_WINE_LP_WINE_CLAIMABLE
	assets:buckets:vineyard_grape_staked_wine_claimable				1.4312280558620438e-8 VINEYARD_GRAPE_STAKED_WINE_CLAIMABLE


2022-06-09 grapefinance-vineyard.withdraw
	assets:wallet:avax				-0.01963215000000007 AVAX
	assets:wallet:wine				0.00004440984268805348 WINE
	assets:buckets:nodes_wine_claimable				0.00005859731024235402 NODES_WINE_CLAIMABLE
	assets:buckets:vineyard_grape_wine_lp_wine_claimable				0.000013520753228725424 VINEYARD_GRAPE_WINE_LP_WINE_CLAIMABLE
	assets:buckets:vineyard_mim_wine_lp_wine_claimable				0.000016228877192277225 VINEYARD_MIM_WINE_LP_WINE_CLAIMABLE
	assets:buckets:vineyard_grape_staked_wine_claimable				0.000014083284054720521 VINEYARD_GRAPE_STAKED_WINE_CLAIMABLE


2022-06-09 grapefinance-vineyard.withdraw
	assets:wallet:avax				-0.01963215000000007 AVAX
	assets:wallet:wine				4.5131953951838e-8 WINE
	assets:buckets:nodes_wine_claimable				5.955011203508803e-8 NODES_WINE_CLAIMABLE
	assets:buckets:vineyard_grape_wine_lp_wine_claimable				1.3740602875997321e-8 VINEYARD_GRAPE_WINE_LP_WINE_CLAIMABLE
	assets:buckets:vineyard_mim_wine_lp_wine_claimable				1.6492761371889042e-8 VINEYARD_MIM_WINE_LP_WINE_CLAIMABLE
	assets:buckets:vineyard_grape_staked_wine_claimable				1.4312280560355162e-8 VINEYARD_GRAPE_STAKED_WINE_CLAIMABLE


2022-06-09 grapefinance-vineyard.withdraw
	assets:wallet:avax				-0.019632150000000514 AVAX
	assets:wallet:wine				0.003823103180804449 WINE
	assets:buckets:nodes_wine_claimable				0.0000013735835894604365 NODES_WINE_CLAIMABLE
	assets:buckets:vineyard_grape_mim_lp_wine_claimable				-0.003822051533969536 VINEYARD_GRAPE_MIM_LP_WINE_CLAIMABLE
	assets:buckets:vineyard_grape_wine_lp_wine_claimable				3.156764467153461e-7 VINEYARD_GRAPE_WINE_LP_WINE_CLAIMABLE
	assets:buckets:vineyard_mim_wine_lp_wine_claimable				3.7926959290529583e-7 VINEYARD_MIM_WINE_LP_WINE_CLAIMABLE
	assets:buckets:vineyard_grape_staked_wine_claimable				3.288690272398864e-7 VINEYARD_GRAPE_STAKED_WINE_CLAIMABLE


2022-06-09 grapefinance-vineyard.withdraw
	assets:wallet:avax				-0.019632149999999626 AVAX
	assets:wallet:wine				4.572377537703787e-8 WINE
	assets:buckets:nodes_wine_claimable				5.972102562912945e-8 NODES_WINE_CLAIMABLE
	assets:buckets:vineyard_grape_wine_lp_wine_claimable				1.3725062900440954e-8 VINEYARD_GRAPE_WINE_LP_WINE_CLAIMABLE
	assets:buckets:vineyard_mim_wine_lp_wine_claimable				1.6489982299777717e-8 VINEYARD_MIM_WINE_LP_WINE_CLAIMABLE
	assets:buckets:vineyard_grape_staked_wine_claimable				1.4298653358557623e-8 VINEYARD_GRAPE_STAKED_WINE_CLAIMABLE


2022-06-09 grapefinance-winery.winery.claimReward
	assets:wallet:avax				-0.019068300000000704 AVAX
	assets:wallet:grape				2.2649672468471422 GRAPE
	assets:buckets:nodes_wine_claimable				1.1944205125739155e-7 NODES_WINE_CLAIMABLE
	assets:buckets:vineyard_grape_mim_lp_wine_claimable				9.1447550824e-8 VINEYARD_GRAPE_MIM_LP_WINE_CLAIMABLE
	assets:buckets:vineyard_grape_wine_lp_wine_claimable				2.7450125800881908e-8 VINEYARD_GRAPE_WINE_LP_WINE_CLAIMABLE
	assets:buckets:vineyard_mim_wine_lp_wine_claimable				3.297996460302488e-8 VINEYARD_MIM_WINE_LP_WINE_CLAIMABLE
	assets:buckets:vineyard_grape_staked_wine_claimable				2.8597306680686052e-8 VINEYARD_GRAPE_STAKED_WINE_CLAIMABLE
	assets:buckets:winery_grape_claimable				-2.264967246847142 WINERY_GRAPE_CLAIMABLE


2022-06-09 grapefinance-vineyard.withdraw
	assets:wallet:avax				-0.019632150000000514 AVAX
	assets:wallet:wine				0.00385904844782492 WINE
	assets:buckets:nodes_wine_claimable				0.0000011346238403143333 NODES_WINE_CLAIMABLE
	assets:buckets:vineyard_grape_mim_lp_wine_claimable				-0.003858179820037816 VINEYARD_GRAPE_MIM_LP_WINE_CLAIMABLE
	assets:buckets:vineyard_grape_wine_lp_wine_claimable				2.604414971723451e-7 VINEYARD_GRAPE_WINE_LP_WINE_CLAIMABLE
	assets:buckets:vineyard_mim_wine_lp_wine_claimable				3.132789929173596e-7 VINEYARD_MIM_WINE_LP_WINE_CLAIMABLE
	assets:buckets:vineyard_grape_staked_wine_claimable				2.715934761202826e-7 VINEYARD_GRAPE_STAKED_WINE_CLAIMABLE


2022-06-09 grapefinance-vineyard.withdraw
	assets:wallet:avax				-0.019632149999999626 AVAX
	assets:wallet:wine				4.571725195634535e-8 WINE
	assets:buckets:nodes_wine_claimable				5.971704422711582e-8 NODES_WINE_CLAIMABLE
	assets:buckets:vineyard_grape_wine_lp_wine_claimable				1.3707447220692726e-8 VINEYARD_GRAPE_WINE_LP_WINE_CLAIMABLE
	assets:buckets:vineyard_mim_wine_lp_wine_claimable				1.64883680493777e-8 VINEYARD_MIM_WINE_LP_WINE_CLAIMABLE
	assets:buckets:vineyard_grape_staked_wine_claimable				1.429439347964967e-8 VINEYARD_GRAPE_STAKED_WINE_CLAIMABLE


2022-06-09 grapefinance-winery.winery.claimReward
	assets:wallet:avax				-0.019068300000000704 AVAX
	assets:wallet:grape				2.2649672468471422 GRAPE
	assets:buckets:nodes_wine_claimable				5.971704422711582e-8 NODES_WINE_CLAIMABLE
	assets:buckets:vineyard_grape_mim_lp_wine_claimable				4.5717251944e-8 VINEYARD_GRAPE_MIM_LP_WINE_CLAIMABLE
	assets:buckets:vineyard_grape_wine_lp_wine_claimable				1.3707447218958002e-8 VINEYARD_GRAPE_WINE_LP_WINE_CLAIMABLE
	assets:buckets:vineyard_mim_wine_lp_wine_claimable				1.6488368045908253e-8 VINEYARD_MIM_WINE_LP_WINE_CLAIMABLE
	assets:buckets:vineyard_grape_staked_wine_claimable				1.429439347964967e-8 VINEYARD_GRAPE_STAKED_WINE_CLAIMABLE
	assets:buckets:winery_grape_claimable				-2.264967246847142 WINERY_GRAPE_CLAIMABLE


2022-06-09 grapefinance-vineyard.withdraw
	assets:wallet:avax				-0.019632150000000514 AVAX
	assets:wallet:wine				0.003930502062709229 WINE
	assets:buckets:nodes_wine_claimable				5.367304488782323e-7 NODES_WINE_CLAIMABLE
	assets:buckets:vineyard_grape_mim_lp_wine_claimable				-0.003929953464146472 VINEYARD_GRAPE_MIM_LP_WINE_CLAIMABLE
	assets:buckets:vineyard_grape_wine_lp_wine_claimable				1.6403012685801965e-7 VINEYARD_GRAPE_WINE_LP_WINE_CLAIMABLE
	assets:buckets:vineyard_mim_wine_lp_wine_claimable				1.9782906994503247e-7 VINEYARD_MIM_WINE_LP_WINE_CLAIMABLE
	assets:buckets:vineyard_grape_staked_wine_claimable				1.7124113500105453e-7 VINEYARD_GRAPE_STAKED_WINE_CLAIMABLE
	assets:buckets:winery_grape_claimable				0.7605471031970241 WINERY_GRAPE_CLAIMABLE


2022-06-09 grapefinance-vineyard.withdraw
	assets:wallet:avax				-0.019632149999999626 AVAX
	assets:wallet:wine				5.028775302839961e-7 WINE
	assets:buckets:nodes_wine_claimable				4.1745701579581906e-7 NODES_WINE_CLAIMABLE
	assets:buckets:vineyard_grape_mim_lp_wine_claimable				-9.1433093752e-8 VINEYARD_GRAPE_MIM_LP_WINE_CLAIMABLE
	assets:buckets:vineyard_grape_wine_lp_wine_claimable				1.2302259514394842e-7 VINEYARD_GRAPE_WINE_LP_WINE_CLAIMABLE
	assets:buckets:vineyard_mim_wine_lp_wine_claimable				1.4837180245877435e-7 VINEYARD_MIM_WINE_LP_WINE_CLAIMABLE
	assets:buckets:vineyard_grape_staked_wine_claimable				1.284308512802812e-7 VINEYARD_GRAPE_STAKED_WINE_CLAIMABLE


2022-06-09 grapefinance-winery.winery.claimReward
	assets:wallet:avax				-0.02354579999999995 AVAX
	assets:wallet:grape				3.025514350044162 GRAPE
	assets:buckets:nodes_wine_claimable				7.156405985031533e-7 NODES_WINE_CLAIMABLE
	assets:buckets:vineyard_grape_mim_lp_wine_claimable				5.48544736544e-7 VINEYARD_GRAPE_MIM_LP_WINE_CLAIMABLE
	assets:buckets:vineyard_grape_wine_lp_wine_claimable				1.6403012685801965e-7 VINEYARD_GRAPE_WINE_LP_WINE_CLAIMABLE
	assets:buckets:vineyard_mim_wine_lp_wine_claimable				1.9782164476997433e-7 VINEYARD_MIM_WINE_LP_WINE_CLAIMABLE
	assets:buckets:vineyard_grape_staked_wine_claimable				1.712411349993198e-7 VINEYARD_GRAPE_STAKED_WINE_CLAIMABLE
	assets:buckets:winery_grape_claimable				-3.025514350044166 WINERY_GRAPE_CLAIMABLE


2022-06-09 grapefinance-vineyard.withdraw
	assets:wallet:avax				-0.019634850000000093 AVAX
	assets:wallet:wine				0.015782940408543222 WINE
	assets:buckets:nodes_wine_claimable				0.000001428944869371 NODES_WINE_CLAIMABLE
	assets:buckets:vineyard_grape_mim_lp_wine_claimable				0.0000010966859132320058 VINEYARD_GRAPE_MIM_LP_WINE_CLAIMABLE
	assets:buckets:vineyard_grape_wine_lp_wine_claimable				3.247451786491523e-7 VINEYARD_GRAPE_WINE_LP_WINE_CLAIMABLE
	assets:buckets:vineyard_mim_wine_lp_wine_claimable				-0.015782544886281082 VINEYARD_MIM_WINE_LP_WINE_CLAIMABLE
	assets:buckets:vineyard_grape_staked_wine_claimable				3.4224133439904325e-7 VINEYARD_GRAPE_STAKED_WINE_CLAIMABLE


2022-06-09 grapefinance-vineyard.withdraw
	assets:wallet:avax				-0.019634850000000093 AVAX
	assets:wallet:wine				0.01244568812438529 WINE
	assets:buckets:nodes_wine_claimable				5.95393695579999e-8 NODES_WINE_CLAIMABLE
	assets:buckets:vineyard_grape_mim_lp_wine_claimable				4.569524640798798e-8 VINEYARD_GRAPE_MIM_LP_WINE_CLAIMABLE
	assets:buckets:vineyard_grape_wine_lp_wine_claimable				-0.01244567459333617 VINEYARD_GRAPE_WINE_LP_WINE_CLAIMABLE
	assets:buckets:vineyard_mim_wine_lp_wine_claimable				1.6480094255e-8 VINEYARD_MIM_WINE_LP_WINE_CLAIMABLE
	assets:buckets:vineyard_grape_staked_wine_claimable				1.4260055599887855e-8 VINEYARD_GRAPE_STAKED_WINE_CLAIMABLE


2022-06-09 grapefinance-vineyard.withdraw
	assets:wallet:avax				-0.019634850000000093 AVAX
	assets:wallet:wine				0.015785016900419446 WINE
	assets:buckets:nodes_wine_claimable				4.7625700677015465e-7 NODES_WINE_CLAIMABLE
	assets:buckets:vineyard_grape_mim_lp_wine_claimable				5.026477102079946e-7 VINEYARD_GRAPE_MIM_LP_WINE_CLAIMABLE
	assets:buckets:vineyard_grape_wine_lp_wine_claimable				1.4884154021267693e-7 VINEYARD_GRAPE_WINE_LP_WINE_CLAIMABLE
	assets:buckets:vineyard_mim_wine_lp_wine_claimable				-0.015784835619382636 VINEYARD_MIM_WINE_LP_WINE_CLAIMABLE
	assets:buckets:vineyard_grape_staked_wine_claimable				1.283405003989907e-7 VINEYARD_GRAPE_STAKED_WINE_CLAIMABLE


2022-06-09 grapefinance-vineyard.withdraw
	assets:wallet:avax				-0.019634850000000093 AVAX
	assets:wallet:wine				0.012447514816015165 WINE
	assets:buckets:nodes_wine_claimable				7.143855101547983e-7 NODES_WINE_CLAIMABLE
	assets:buckets:vineyard_grape_mim_lp_wine_claimable				4.112572174480041e-7 VINEYARD_GRAPE_MIM_LP_WINE_CLAIMABLE
	assets:buckets:vineyard_grape_wine_lp_wine_claimable				-0.012447393036573183 VINEYARD_GRAPE_WINE_LP_WINE_CLAIMABLE
	assets:buckets:vineyard_mim_wine_lp_wine_claimable				1.4832084830200001e-7 VINEYARD_MIM_WINE_LP_WINE_CLAIMABLE
	assets:buckets:vineyard_grape_staked_wine_claimable				1.5686061160050113e-7 VINEYARD_GRAPE_STAKED_WINE_CLAIMABLE


2022-06-09 grapefinance-vineyard.withdraw [pid 0 grapemimlp]
	assets:wallet:avax				-0.019632150000000514 AVAX
	assets:wallet:wine				0.0001285562649769867 WINE
	assets:buckets:nodes_wine_claimable				0.00006227818055676599 NODES_WINE_CLAIMABLE
	assets:buckets:vineyard_grape_mim_lp_wine_claimable				-0.000080759037259432 VINEYARD_GRAPE_MIM_LP_WINE_CLAIMABLE
	assets:buckets:vineyard_grape_wine_lp_wine_claimable				0.000014153477369421 VINEYARD_GRAPE_WINE_LP_WINE_CLAIMABLE
	assets:buckets:vineyard_mim_wine_lp_wine_claimable				0.000017238178591531998 VINEYARD_MIM_WINE_LP_WINE_CLAIMABLE
	assets:buckets:vineyard_grape_staked_wine_claimable				0.000014916018157040342 VINEYARD_GRAPE_STAKED_WINE_CLAIMABLE


2022-06-09 grapefinance-vineyard.withdraw [pid 1 mimwinelp]
	assets:wallet:avax				-0.019634849999999204 AVAX
	assets:wallet:wine				0.00001727113878005615 WINE
	assets:buckets:nodes_wine_claimable				5.95393695570004e-8 NODES_WINE_CLAIMABLE
	assets:buckets:vineyard_grape_mim_lp_wine_claimable				4.5695246352e-8 VINEYARD_GRAPE_MIM_LP_WINE_CLAIMABLE
	assets:buckets:vineyard_grape_wine_lp_wine_claimable				1.3531049110000181e-8 VINEYARD_GRAPE_WINE_LP_WINE_CLAIMABLE
	assets:buckets:vineyard_mim_wine_lp_wine_claimable				-0.000017254658685787 VINEYARD_MIM_WINE_LP_WINE_CLAIMABLE
	assets:buckets:vineyard_grape_staked_wine_claimable				1.4260055599887855e-8 VINEYARD_GRAPE_STAKED_WINE_CLAIMABLE


2022-06-09 grapefinance-winenode.nodes_wine.claim
	assets:wallet:avax				-0.029448225000000328 AVAX
	assets:wallet:wine				0.005912312128630665 WINE
	assets:buckets:nodes_wine_claimable				-0.000064540676599937 NODES_WINE_CLAIMABLE
	assets:buckets:vineyard_grape_mim_lp_wine_claimable				4.569524640800001e-8 VINEYARD_GRAPE_MIM_LP_WINE_CLAIMABLE
	assets:buckets:vineyard_grape_wine_lp_wine_claimable				1.353104911099968e-8 VINEYARD_GRAPE_WINE_LP_WINE_CLAIMABLE
	assets:buckets:vineyard_mim_wine_lp_wine_claimable				1.6480094255e-8 VINEYARD_MIM_WINE_LP_WINE_CLAIMABLE
	assets:buckets:vineyard_grape_staked_wine_claimable				1.4260055599887855e-8 VINEYARD_GRAPE_STAKED_WINE_CLAIMABLE


2022-06-09 traderjoe.swapExactAVAXForTokens[tokenInAmount 1000000000000000000][tokenIn wavax][tokenOut mim]
	assets:wallet:avax				-1.0230526000000002 AVAX
	assets:wallet:mim				24.860374854835555 MIM
	assets:buckets:nodes_wine_claimable				0.000030337623382353 NODES_WINE_CLAIMABLE
	assets:buckets:vineyard_grape_mim_lp_wine_claimable				0.000023304575655759998 VINEYARD_GRAPE_MIM_LP_WINE_CLAIMABLE
	assets:buckets:vineyard_grape_wine_lp_wine_claimable				0.000006900835046275999 VINEYARD_GRAPE_WINE_LP_WINE_CLAIMABLE
	assets:buckets:vineyard_mim_wine_lp_wine_claimable				0.000008404848070441 VINEYARD_MIM_WINE_LP_WINE_CLAIMABLE
	assets:buckets:vineyard_grape_staked_wine_claimable				0.000007272628355720762 VINEYARD_GRAPE_STAKED_WINE_CLAIMABLE


2022-06-13 grapefinance-vineyard.withdraw[pid 0-grapemimlp]
	assets:wallet:avax				-0.019632150000000514 AVAX
	assets:wallet:wine				0.015348389848574617 WINE
	assets:buckets:nodes_wine_claimable				0.0000017894689072622816 NODES_WINE_CLAIMABLE
	assets:buckets:vineyard_grape_mim_lp_wine_claimable				-0.015346676716760536 VINEYARD_GRAPE_MIM_LP_WINE_CLAIMABLE
	assets:buckets:vineyard_grape_wine_lp_wine_claimable				5.402776370091317e-7 VINEYARD_GRAPE_WINE_LP_WINE_CLAIMABLE
	assets:buckets:vineyard_mim_wine_lp_wine_claimable				6.26552491503167e-7 VINEYARD_MIM_WINE_LP_WINE_CLAIMABLE
	assets:buckets:vineyard_grape_staked_wine_claimable				4.417037080019226e-7 VINEYARD_GRAPE_STAKED_WINE_CLAIMABLE


2022-06-13 grapefinance-vineyard.withdraw[pid 1-mimwinelp]
	assets:wallet:avax				-0.019634849999999204 AVAX
	assets:wallet:wine				0.0056347584812048435 WINE
	assets:buckets:nodes_wine_claimable				4.970746964733097e-8 NODES_WINE_CLAIMABLE
	assets:buckets:vineyard_grape_mim_lp_wine_claimable				4.7586994784e-8 VINEYARD_GRAPE_MIM_LP_WINE_CLAIMABLE
	assets:buckets:vineyard_grape_wine_lp_wine_claimable				1.5007712138997986e-8 VINEYARD_GRAPE_WINE_LP_WINE_CLAIMABLE
	assets:buckets:vineyard_mim_wine_lp_wine_claimable				-0.005634741076968972 VINEYARD_MIM_WINE_LP_WINE_CLAIMABLE
	assets:buckets:vineyard_grape_staked_wine_claimable				1.2269547440546535e-8 VINEYARD_GRAPE_STAKED_WINE_CLAIMABLE


2022-06-13 grapefinance-vineyard.withdraw[pid 2-grapewinelp]
	assets:wallet:avax				-0.019634850000000093 AVAX
	assets:wallet:wine				0.004735115607971518 WINE
	assets:buckets:nodes_wine_claimable				4.970746964733097e-8 NODES_WINE_CLAIMABLE
	assets:buckets:vineyard_grape_mim_lp_wine_claimable				4.7586994840000006e-8 VINEYARD_GRAPE_MIM_LP_WINE_CLAIMABLE
	assets:buckets:vineyard_grape_wine_lp_wine_claimable				-0.004735100600259366 VINEYARD_GRAPE_WINE_LP_WINE_CLAIMABLE
	assets:buckets:vineyard_mim_wine_lp_wine_claimable				1.7404235875e-8 VINEYARD_MIM_WINE_LP_WINE_CLAIMABLE
	assets:buckets:vineyard_grape_staked_wine_claimable				1.2269547437077089e-8 VINEYARD_GRAPE_STAKED_WINE_CLAIMABLE


2022-06-13 grapefinance-winery.winery.claimReward
	assets:wallet:avax				-0.019068300000000704 AVAX
	assets:wallet:grape				11.677206985321881 GRAPE
	assets:buckets:nodes_wine_claimable				4.9707469643861524e-8 NODES_WINE_CLAIMABLE
	assets:buckets:vineyard_grape_mim_lp_wine_claimable				4.758699484e-8 VINEYARD_GRAPE_MIM_LP_WINE_CLAIMABLE
	assets:buckets:vineyard_grape_wine_lp_wine_claimable				1.5007712139e-8 VINEYARD_GRAPE_WINE_LP_WINE_CLAIMABLE
	assets:buckets:vineyard_mim_wine_lp_wine_claimable				1.7404235875e-8 VINEYARD_MIM_WINE_LP_WINE_CLAIMABLE
	assets:buckets:vineyard_grape_staked_wine_claimable				1.2269547440546535e-8 VINEYARD_GRAPE_STAKED_WINE_CLAIMABLE
	assets:buckets:winery_grape_claimable				-11.677206985321876 WINERY_GRAPE_CLAIMABLE


2022-06-13 grapefinance-winenode.nodes_wine.claim
	assets:wallet:avax				-0.025600724999999436 AVAX
	assets:wallet:wine				0.026057904045113628 WINE
	assets:buckets:nodes_wine_claimable				-0.026057854337643988 NODES_WINE_CLAIMABLE
	assets:buckets:vineyard_grape_mim_lp_wine_claimable				4.758699484e-8 VINEYARD_GRAPE_MIM_LP_WINE_CLAIMABLE
	assets:buckets:vineyard_grape_wine_lp_wine_claimable				1.5007712139e-8 VINEYARD_GRAPE_WINE_LP_WINE_CLAIMABLE
	assets:buckets:vineyard_mim_wine_lp_wine_claimable				1.7404235874999997e-8 VINEYARD_MIM_WINE_LP_WINE_CLAIMABLE
	assets:buckets:vineyard_grape_staked_wine_claimable				1.2269547482179899e-8 VINEYARD_GRAPE_STAKED_WINE_CLAIMABLE


2022-06-13 grapefinance-vineyard.withdraw[pid 0-grapemimlp]
	assets:wallet:avax				-0.01963215000000007 AVAX
	assets:wallet:wine				0.00003687992099679627 WINE
	assets:buckets:nodes_wine_claimable				0.000038321009895929 NODES_WINE_CLAIMABLE
	assets:buckets:vineyard_grape_mim_lp_wine_claimable				-1.90347979304e-7 VINEYARD_GRAPE_MIM_LP_WINE_CLAIMABLE
	assets:buckets:vineyard_grape_wine_lp_wine_claimable				0.000011570946059278 VINEYARD_GRAPE_WINE_LP_WINE_CLAIMABLE
	assets:buckets:vineyard_mim_wine_lp_wine_claimable				0.000013418665859671999 VINEYARD_MIM_WINE_LP_WINE_CLAIMABLE
	assets:buckets:vineyard_grape_staked_wine_claimable				0.00000945982108003715 VINEYARD_GRAPE_STAKED_WINE_CLAIMABLE


2022-06-13 grapefinance-vineyard.withdraw[pid 1-mimwinelp]
	assets:wallet:avax				-0.019634850000000093 AVAX
	assets:wallet:wine				0.00001348828280317571 WINE
	assets:buckets:nodes_wine_claimable				4.9702995974000314e-8 NODES_WINE_CLAIMABLE
	assets:buckets:vineyard_grape_mim_lp_wine_claimable				4.7586994784e-8 VINEYARD_GRAPE_MIM_LP_WINE_CLAIMABLE
	assets:buckets:vineyard_grape_wine_lp_wine_claimable				1.500771213899968e-8 VINEYARD_GRAPE_WINE_LP_WINE_CLAIMABLE
	assets:buckets:vineyard_mim_wine_lp_wine_claimable				-0.000013470878567297 VINEYARD_MIM_WINE_LP_WINE_CLAIMABLE
	assets:buckets:vineyard_grape_staked_wine_claimable				1.2269547440546535e-8 VINEYARD_GRAPE_STAKED_WINE_CLAIMABLE


2022-06-13 grapefinance-vineyard.withdraw[pid 2-grapewinelp]
	assets:wallet:avax				-0.019634850000000093 AVAX
	assets:wallet:wine				0.00001163097690784487 WINE
	assets:buckets:nodes_wine_claimable				4.9702995974000314e-8 NODES_WINE_CLAIMABLE
	assets:buckets:vineyard_grape_mim_lp_wine_claimable				4.7586994840000006e-8 VINEYARD_GRAPE_MIM_LP_WINE_CLAIMABLE
	assets:buckets:vineyard_grape_wine_lp_wine_claimable				-0.000011615969195695 VINEYARD_GRAPE_WINE_LP_WINE_CLAIMABLE
	assets:buckets:vineyard_mim_wine_lp_wine_claimable				1.7404235875e-8 VINEYARD_MIM_WINE_LP_WINE_CLAIMABLE
	assets:buckets:vineyard_grape_staked_wine_claimable				1.2269547440546535e-8 VINEYARD_GRAPE_STAKED_WINE_CLAIMABLE


2022-06-13 grapefinance-vineyard.withdraw[pid 0-grapemimlp]
	assets:wallet:avax				-0.019632150000000514 AVAX
	assets:wallet:wine				0.015394595876598083 WINE
	assets:buckets:nodes_wine_claimable				9.937385136923882e-7 NODES_WINE_CLAIMABLE
	assets:buckets:vineyard_grape_mim_lp_wine_claimable				-0.01539364416817388 VINEYARD_GRAPE_MIM_LP_WINE_CLAIMABLE
	assets:buckets:vineyard_grape_wine_lp_wine_claimable				2.9995478344896354e-7 VINEYARD_GRAPE_WINE_LP_WINE_CLAIMABLE
	assets:buckets:vineyard_mim_wine_lp_wine_claimable				3.4808471750108483e-7 VINEYARD_MIM_WINE_LP_WINE_CLAIMABLE
	assets:buckets:vineyard_grape_staked_wine_claimable				2.4539094888031965e-7 VINEYARD_GRAPE_STAKED_WINE_CLAIMABLE


2022-06-13 grapefinance-vineyard.withdraw[pid 1-mimwinelp]
	assets:wallet:avax				-0.019634849999999204 AVAX
	assets:wallet:wine				0.005651657994239528 WINE
	assets:buckets:nodes_wine_claimable				4.9686925684966354e-8 NODES_WINE_CLAIMABLE
	assets:buckets:vineyard_grape_mim_lp_wine_claimable				4.7585421184e-8 VINEYARD_GRAPE_MIM_LP_WINE_CLAIMABLE
	assets:buckets:vineyard_grape_wine_lp_wine_claimable				1.4997739172101232e-8 VINEYARD_GRAPE_WINE_LP_WINE_CLAIMABLE
	assets:buckets:vineyard_mim_wine_lp_wine_claimable				-0.005651640590003655 VINEYARD_MIM_WINE_LP_WINE_CLAIMABLE
	assets:buckets:vineyard_grape_staked_wine_claimable				1.2269547482179899e-8 VINEYARD_GRAPE_STAKED_WINE_CLAIMABLE


2022-06-13 grapefinance-vineyard.withdraw[pid 2-grapewinelp]
	assets:wallet:avax				-0.019634850000000093 AVAX
	assets:wallet:wine				0.0047496792903290175 WINE
	assets:buckets:nodes_wine_claimable				4.9686925684966354e-8 NODES_WINE_CLAIMABLE
	assets:buckets:vineyard_grape_mim_lp_wine_claimable				4.7585421184e-8 VINEYARD_GRAPE_MIM_LP_WINE_CLAIMABLE
	assets:buckets:vineyard_grape_wine_lp_wine_claimable				-0.00474966429258985 VINEYARD_GRAPE_WINE_LP_WINE_CLAIMABLE
	assets:buckets:vineyard_mim_wine_lp_wine_claimable				1.7404235875e-8 VINEYARD_MIM_WINE_LP_WINE_CLAIMABLE
	assets:buckets:vineyard_grape_staked_wine_claimable				1.2269547437077089e-8 VINEYARD_GRAPE_STAKED_WINE_CLAIMABLE


2022-06-13 grapefinance-winery.winery.claimReward
	assets:wallet:avax				-0.019068300000000704 AVAX
	assets:wallet:grape				11.677206985321881 GRAPE
	assets:buckets:nodes_wine_claimable				9.937385136993271e-8 NODES_WINE_CLAIMABLE
	assets:buckets:vineyard_grape_mim_lp_wine_claimable				9.517084242399999e-8 VINEYARD_GRAPE_MIM_LP_WINE_CLAIMABLE
	assets:buckets:vineyard_grape_wine_lp_wine_claimable				2.9995478344e-8 VINEYARD_GRAPE_WINE_LP_WINE_CLAIMABLE
	assets:buckets:vineyard_mim_wine_lp_wine_claimable				3.4808471749999994e-8 VINEYARD_MIM_WINE_LP_WINE_CLAIMABLE
	assets:buckets:vineyard_grape_staked_wine_claimable				2.453909488109307e-8 VINEYARD_GRAPE_STAKED_WINE_CLAIMABLE
	assets:buckets:winery_grape_claimable				-11.677206985321876 WINERY_GRAPE_CLAIMABLE


2022-06-13 grapefinance-winenode.nodes_wine.claim
	assets:wallet:avax				-0.025600724999999436 AVAX
	assets:wallet:wine				0.02610620555682977 WINE
	assets:buckets:nodes_wine_claimable				-0.026106155869904082 NODES_WINE_CLAIMABLE
	assets:buckets:vineyard_grape_mim_lp_wine_claimable				4.7585421240000013e-8 VINEYARD_GRAPE_MIM_LP_WINE_CLAIMABLE
	assets:buckets:vineyard_grape_wine_lp_wine_claimable				1.4997739173e-8 VINEYARD_GRAPE_WINE_LP_WINE_CLAIMABLE
	assets:buckets:vineyard_mim_wine_lp_wine_claimable				1.7404235875000004e-8 VINEYARD_MIM_WINE_LP_WINE_CLAIMABLE
	assets:buckets:vineyard_grape_staked_wine_claimable				1.2269547440546535e-8 VINEYARD_GRAPE_STAKED_WINE_CLAIMABLE


2022-06-13 grapefinance-vineyard.withdraw[pid 0-grapemimlp]
	assets:wallet:avax				-0.019632150000000514 AVAX
	assets:wallet:wine				0.015399544760403783 WINE
	assets:buckets:nodes_wine_claimable				6.459300339010932e-7 NODES_WINE_CLAIMABLE
	assets:buckets:vineyard_grape_mim_lp_wine_claimable				-0.015399068906191712 VINEYARD_GRAPE_MIM_LP_WINE_CLAIMABLE
	assets:buckets:vineyard_grape_wine_lp_wine_claimable				1.4997739172448177e-7 VINEYARD_GRAPE_WINE_LP_WINE_CLAIMABLE
	assets:buckets:vineyard_mim_wine_lp_wine_claimable				1.7404235875054241e-7 VINEYARD_MIM_WINE_LP_WINE_CLAIMABLE
	assets:buckets:vineyard_grape_staked_wine_claimable				1.3496502192233972e-7 VINEYARD_GRAPE_STAKED_WINE_CLAIMABLE


2022-06-13 grapefinance-vineyard.withdraw[pid 1-mimwinelp]
	assets:wallet:avax				-0.019634849999999204 AVAX
	assets:wallet:wine				0.0056536420771292895 WINE
	assets:buckets:nodes_wine_claimable				5.962431082195963e-7 NODES_WINE_CLAIMABLE
	assets:buckets:vineyard_grape_mim_lp_wine_claimable				4.2826879087999996e-7 VINEYARD_GRAPE_MIM_LP_WINE_CLAIMABLE
	assets:buckets:vineyard_grape_wine_lp_wine_claimable				1.3497965255238054e-7 VINEYARD_GRAPE_WINE_LP_WINE_CLAIMABLE
	assets:buckets:vineyard_mim_wine_lp_wine_claimable				-0.005653485439006412 VINEYARD_MIM_WINE_LP_WINE_CLAIMABLE
	assets:buckets:vineyard_grape_staked_wine_claimable				1.1042592699961329e-7 VINEYARD_GRAPE_STAKED_WINE_CLAIMABLE


2022-06-13 grapefinance-vineyard.withdraw[pid 2-grapewinelp]
	assets:wallet:avax				-0.019634850000000093 AVAX
	assets:wallet:wine				0.0047515390099864 WINE
	assets:buckets:nodes_wine_claimable				4.968692568461941e-7 NODES_WINE_CLAIMABLE
	assets:buckets:vineyard_grape_mim_lp_wine_claimable				4.75854212064e-7 VINEYARD_GRAPE_MIM_LP_WINE_CLAIMABLE
	assets:buckets:vineyard_grape_wine_lp_wine_claimable				-0.004751389032594682 VINEYARD_GRAPE_WINE_LP_WINE_CLAIMABLE
	assets:buckets:vineyard_mim_wine_lp_wine_claimable				1.7404235875e-7 VINEYARD_MIM_WINE_LP_WINE_CLAIMABLE
	assets:buckets:vineyard_grape_staked_wine_claimable				1.2269547444015982e-7 VINEYARD_GRAPE_STAKED_WINE_CLAIMABLE


2022-06-13 grapefinance-winery.winery.claimReward
	assets:wallet:avax				-0.02354579999999995 AVAX
	assets:wallet:grape				11.677206985321881 GRAPE
	assets:buckets:nodes_wine_claimable				6.459300339010932e-7 NODES_WINE_CLAIMABLE
	assets:buckets:vineyard_grape_mim_lp_wine_claimable				6.186104757279999e-7 VINEYARD_GRAPE_MIM_LP_WINE_CLAIMABLE
	assets:buckets:vineyard_grape_wine_lp_wine_claimable				1.4997739172400002e-7 VINEYARD_GRAPE_WINE_LP_WINE_CLAIMABLE
	assets:buckets:vineyard_mim_wine_lp_wine_claimable				2.26255066376e-7 VINEYARD_MIM_WINE_LP_WINE_CLAIMABLE
	assets:buckets:vineyard_grape_staked_wine_claimable				1.8404321168105642e-7 VINEYARD_GRAPE_STAKED_WINE_CLAIMABLE
	assets:buckets:winery_grape_claimable				-11.677206985321876 WINERY_GRAPE_CLAIMABLE


2022-06-13 grapefinance-winenode.nodes_wine.claim
	assets:wallet:avax				-0.025600725000000324 AVAX
	assets:wallet:wine				0.026113410161054063 WINE
	assets:buckets:nodes_wine_claimable				-0.026112913352166818 NODES_WINE_CLAIMABLE
	assets:buckets:vineyard_grape_mim_lp_wine_claimable				4.758542121199999e-7 VINEYARD_GRAPE_MIM_LP_WINE_CLAIMABLE
	assets:buckets:vineyard_grape_wine_lp_wine_claimable				1.6497513089699998e-7 VINEYARD_GRAPE_WINE_LP_WINE_CLAIMABLE
	assets:buckets:vineyard_mim_wine_lp_wine_claimable				2.2625506637499997e-7 VINEYARD_MIM_WINE_LP_WINE_CLAIMABLE
	assets:buckets:vineyard_grape_staked_wine_claimable				1.2269547444015982e-7 VINEYARD_GRAPE_STAKED_WINE_CLAIMABLE


2022-06-14 grapefinance-vineyard.withdraw[pid 0-grapemimlp]
	assets:wallet:avax				-0.01963215000000007 AVAX
	assets:wallet:wine				0.003929792459597514 WINE
	assets:buckets:nodes_wine_claimable				0.0000016875736882958695 NODES_WINE_CLAIMABLE
	assets:buckets:vineyard_grape_mim_lp_wine_claimable				-0.00392816168451028 VINEYARD_GRAPE_MIM_LP_WINE_CLAIMABLE
	assets:buckets:vineyard_grape_wine_lp_wine_claimable				4.802949691170254e-7 VINEYARD_GRAPE_WINE_LP_WINE_CLAIMABLE
	assets:buckets:vineyard_mim_wine_lp_wine_claimable				6.217979801779409e-7 VINEYARD_MIM_WINE_LP_WINE_CLAIMABLE
	assets:buckets:vineyard_grape_staked_wine_claimable				4.5903707492078727e-7 VINEYARD_GRAPE_STAKED_WINE_CLAIMABLE


2022-06-14 grapefinance-vineyard.withdraw[pid 1-mimwinelp]
	assets:wallet:avax				-0.019634850000000093 AVAX
	assets:wallet:wine				0.0014809255284877199 WINE
	assets:buckets:nodes_wine_claimable				4.687704689698702e-8 NODES_WINE_CLAIMABLE
	assets:buckets:vineyard_grape_mim_lp_wine_claimable				4.5299307928e-8 VINEYARD_GRAPE_MIM_LP_WINE_CLAIMABLE
	assets:buckets:vineyard_grape_wine_lp_wine_claimable				1.3341526920122165e-8 VINEYARD_GRAPE_WINE_LP_WINE_CLAIMABLE
	assets:buckets:vineyard_mim_wine_lp_wine_claimable				-0.00148090825632158 VINEYARD_MIM_WINE_LP_WINE_CLAIMABLE
	assets:buckets:vineyard_grape_staked_wine_claimable				1.2751029881269416e-8 VINEYARD_GRAPE_STAKED_WINE_CLAIMABLE


2022-06-14 grapefinance-vineyard.withdraw[pid 2-grapewinelp]
	assets:wallet:avax				-0.019634850000000093 AVAX
	assets:wallet:wine				0.0011675679566065522 WINE
	assets:buckets:nodes_wine_claimable				4.687704689698702e-8 NODES_WINE_CLAIMABLE
	assets:buckets:vineyard_grape_mim_lp_wine_claimable				4.5299307984e-8 VINEYARD_GRAPE_MIM_LP_WINE_CLAIMABLE
	assets:buckets:vineyard_grape_wine_lp_wine_claimable				-0.001167554615079655 VINEYARD_GRAPE_WINE_LP_WINE_CLAIMABLE
	assets:buckets:vineyard_mim_wine_lp_wine_claimable				1.7272166115e-8 VINEYARD_MIM_WINE_LP_WINE_CLAIMABLE
	assets:buckets:vineyard_grape_staked_wine_claimable				1.2751029839636052e-8 VINEYARD_GRAPE_STAKED_WINE_CLAIMABLE


2022-06-14 grapefinance-winery.winery.claimReward
	assets:wallet:avax				-0.019068299999999816 AVAX
	assets:wallet:grape				2.754180396138814 GRAPE
	assets:buckets:nodes_wine_claimable				4.687704689698702e-8 NODES_WINE_CLAIMABLE
	assets:buckets:vineyard_grape_mim_lp_wine_claimable				4.5299307984000004e-8 VINEYARD_GRAPE_MIM_LP_WINE_CLAIMABLE
	assets:buckets:vineyard_grape_wine_lp_wine_claimable				1.3341526919e-8 VINEYARD_GRAPE_WINE_LP_WINE_CLAIMABLE
	assets:buckets:vineyard_mim_wine_lp_wine_claimable				1.7272166116e-8 VINEYARD_MIM_WINE_LP_WINE_CLAIMABLE
	assets:buckets:vineyard_grape_staked_wine_claimable				1.2751029877799969e-8 VINEYARD_GRAPE_STAKED_WINE_CLAIMABLE
	assets:buckets:winery_grape_claimable				-2.7541803961388154 WINERY_GRAPE_CLAIMABLE


2022-06-14 grapefinance-winenode.nodes_wine.claim
	assets:wallet:avax				-0.02560072499999988 AVAX
	assets:wallet:wine				0.00413343551837958 WINE
	assets:buckets:nodes_wine_claimable				-0.004133388641332687 NODES_WINE_CLAIMABLE
	assets:buckets:vineyard_grape_mim_lp_wine_claimable				4.529930798399999e-8 VINEYARD_GRAPE_MIM_LP_WINE_CLAIMABLE
	assets:buckets:vineyard_grape_wine_lp_wine_claimable				1.3341526919999999e-8 VINEYARD_GRAPE_WINE_LP_WINE_CLAIMABLE
	assets:buckets:vineyard_mim_wine_lp_wine_claimable				1.7272166116999997e-8 VINEYARD_MIM_WINE_LP_WINE_CLAIMABLE
	assets:buckets:vineyard_grape_staked_wine_claimable				1.2751029839636052e-8 VINEYARD_GRAPE_STAKED_WINE_CLAIMABLE


2022-06-14 nodeContract.approve
	assets:wallet:avax				-0.010401525000000245 AVAX
	assets:buckets:nodes_wine_claimable				4.6855288134e-8 NODES_WINE_CLAIMABLE
	assets:buckets:vineyard_grape_mim_lp_wine_claimable				4.529930798400002e-8 VINEYARD_GRAPE_MIM_LP_WINE_CLAIMABLE
	assets:buckets:vineyard_grape_wine_lp_wine_claimable				1.334152692e-8 VINEYARD_GRAPE_WINE_LP_WINE_CLAIMABLE
	assets:buckets:vineyard_mim_wine_lp_wine_claimable				1.7272166115000006e-8 VINEYARD_MIM_WINE_LP_WINE_CLAIMABLE
	assets:buckets:vineyard_grape_staked_wine_claimable				1.2751029881269416e-8 VINEYARD_GRAPE_STAKED_WINE_CLAIMABLE


2022-06-14 grapefinance-grapenode.create[nodeTier 0][numNodes 1]
	assets:wallet:avax				-0.04883152500000021 AVAX
	assets:wallet:grape				-50 GRAPE
	assets:buckets:nodes_grape				1 NODES_GRAPE
	assets:buckets:nodes_grape_claimable				0.001188058891065944 NODES_GRAPE_CLAIMABLE
	assets:buckets:nodes_wine_claimable				9.3710576269e-8 NODES_WINE_CLAIMABLE
	assets:buckets:vineyard_grape_mim_lp_wine_claimable				9.059861596800001e-8 VINEYARD_GRAPE_MIM_LP_WINE_CLAIMABLE
	assets:buckets:vineyard_grape_wine_lp_wine_claimable				2.668305384e-8 VINEYARD_GRAPE_WINE_LP_WINE_CLAIMABLE
	assets:buckets:vineyard_mim_wine_lp_wine_claimable				3.454433223100001e-8 VINEYARD_MIM_WINE_LP_WINE_CLAIMABLE
	assets:buckets:vineyard_grape_staked_wine_claimable				2.5502059720905468e-8 VINEYARD_GRAPE_STAKED_WINE_CLAIMABLE


2022-06-14 grapefinance-vineyard.withdraw[pid 0-grapemimlp]
	assets:wallet:avax				-0.01963215000000007 AVAX
	assets:wallet:wine				0.000009467555367737024 WINE
	assets:buckets:nodes_grape_claimable				0.0015971917542144832 NODES_GRAPE_CLAIMABLE
	assets:buckets:nodes_wine_claimable				0.000009511623491303999 NODES_WINE_CLAIMABLE
	assets:buckets:vineyard_grape_mim_lp_wine_claimable				-2.71795847848e-7 VINEYARD_GRAPE_MIM_LP_WINE_CLAIMABLE
	assets:buckets:vineyard_grape_wine_lp_wine_claimable				0.000002708329964741 VINEYARD_GRAPE_WINE_LP_WINE_CLAIMABLE
	assets:buckets:vineyard_mim_wine_lp_wine_claimable				0.0000035062497215579997 VINEYARD_MIM_WINE_LP_WINE_CLAIMABLE
	assets:buckets:vineyard_grape_staked_wine_claimable				0.0000025884590615192493 VINEYARD_GRAPE_STAKED_WINE_CLAIMABLE


2022-06-14 grapefinance-vineyard.withdraw[pid 1-mimwinelp]
	assets:wallet:avax				-0.01963484999999965 AVAX
	assets:wallet:wine				0.000003609882718247359 WINE
	assets:buckets:nodes_grape_claimable				0.000007867939675932929 NODES_GRAPE_CLAIMABLE
	assets:buckets:nodes_wine_claimable				4.6855288135000896e-8 NODES_WINE_CLAIMABLE
	assets:buckets:vineyard_grape_mim_lp_wine_claimable				4.5299307928e-8 VINEYARD_GRAPE_MIM_LP_WINE_CLAIMABLE
	assets:buckets:vineyard_grape_wine_lp_wine_claimable				1.3341526920000193e-8 VINEYARD_GRAPE_WINE_LP_WINE_CLAIMABLE
	assets:buckets:vineyard_mim_wine_lp_wine_claimable				-0.000003592610552137 VINEYARD_MIM_WINE_LP_WINE_CLAIMABLE
	assets:buckets:vineyard_grape_staked_wine_claimable				1.2751029839636052e-8 VINEYARD_GRAPE_STAKED_WINE_CLAIMABLE


2022-06-14 grapefinance-vineyard.withdraw[pid 2-grapewinelp]
	assets:wallet:avax				-0.019634850000000093 AVAX
	assets:wallet:wine				0.000002788379126261731 WINE
	assets:buckets:nodes_grape_claimable				0.000007867939675932929 NODES_GRAPE_CLAIMABLE
	assets:buckets:nodes_wine_claimable				4.68552881339997e-8 NODES_WINE_CLAIMABLE
	assets:buckets:vineyard_grape_mim_lp_wine_claimable				4.5299307984e-8 VINEYARD_GRAPE_MIM_LP_WINE_CLAIMABLE
	assets:buckets:vineyard_grape_wine_lp_wine_claimable				-0.00000277503759934 VINEYARD_GRAPE_WINE_LP_WINE_CLAIMABLE
	assets:buckets:vineyard_mim_wine_lp_wine_claimable				1.7272166115e-8 VINEYARD_MIM_WINE_LP_WINE_CLAIMABLE
	assets:buckets:vineyard_grape_staked_wine_claimable				1.2751029881269416e-8 VINEYARD_GRAPE_STAKED_WINE_CLAIMABLE


2022-06-14 grapefinance-winenode.nodes_wine.claim
	assets:wallet:avax				-0.02560072499999988 AVAX
	assets:wallet:wine				0.000009745899931967728 WINE
	assets:buckets:nodes_grape_claimable				0.000007867939675933796 NODES_GRAPE_CLAIMABLE
	assets:buckets:nodes_wine_claimable				-0.000009699044643842 NODES_WINE_CLAIMABLE
	assets:buckets:vineyard_grape_mim_lp_wine_claimable				4.5299307984000004e-8 VINEYARD_GRAPE_MIM_LP_WINE_CLAIMABLE
	assets:buckets:vineyard_grape_wine_lp_wine_claimable				1.3341526919e-8 VINEYARD_GRAPE_WINE_LP_WINE_CLAIMABLE
	assets:buckets:vineyard_mim_wine_lp_wine_claimable				1.7272166117000003e-8 VINEYARD_MIM_WINE_LP_WINE_CLAIMABLE
	assets:buckets:vineyard_grape_staked_wine_claimable				1.2751029839636052e-8 VINEYARD_GRAPE_STAKED_WINE_CLAIMABLE


2022-06-14 grapefinance-vineyard.withdraw[pid 0-grapemimlp]
	assets:wallet:avax				-0.023130000000000095 AVAX
	assets:wallet:wine				1.811972318854771e-7 WINE
	assets:wallet:grape_mim_lp				8.73078696804397 GRAPE_MIM_LP
	assets:buckets:nodes_grape_claimable				0.000007867939675933362 NODES_GRAPE_CLAIMABLE
	assets:buckets:nodes_wine_claimable				4.6847166551e-8 NODES_WINE_CLAIMABLE
	assets:buckets:vineyard_grape_mim_lp_staked				-8.730786968043972 VINEYARD_GRAPE_MIM_LP_STAKED
	assets:buckets:vineyard_grape_mim_lp_wine_claimable				-1.35897923896e-7 VINEYARD_GRAPE_MIM_LP_WINE_CLAIMABLE
	assets:buckets:vineyard_grape_wine_lp_wine_claimable				1.3341526919999999e-8 VINEYARD_GRAPE_WINE_LP_WINE_CLAIMABLE
	assets:buckets:vineyard_mim_wine_lp_wine_claimable				1.7272166115999995e-8 VINEYARD_MIM_WINE_LP_WINE_CLAIMABLE
	assets:buckets:vineyard_grape_staked_wine_claimable				1.2751029881269416e-8 VINEYARD_GRAPE_STAKED_WINE_CLAIMABLE


2022-06-14 approve traderjoe.removeLiquidity
	assets:wallet:avax				-0.01038735000000024 AVAX
	assets:buckets:nodes_grape_claimable				0.000007867939675933796 NODES_GRAPE_CLAIMABLE
	assets:buckets:nodes_wine_claimable				4.6847166551e-8 NODES_WINE_CLAIMABLE
	assets:buckets:vineyard_grape_mim_lp_wine_claimable				3.8237143923e-8 VINEYARD_GRAPE_MIM_LP_WINE_CLAIMABLE
	assets:buckets:vineyard_grape_wine_lp_wine_claimable				1.334152692e-8 VINEYARD_GRAPE_WINE_LP_WINE_CLAIMABLE
	assets:buckets:vineyard_mim_wine_lp_wine_claimable				1.7272166115000006e-8 VINEYARD_MIM_WINE_LP_WINE_CLAIMABLE
	assets:buckets:vineyard_grape_staked_wine_claimable				1.2751029839636052e-8 VINEYARD_GRAPE_STAKED_WINE_CLAIMABLE


2022-06-14 traderjoe.removeLiquidity[LP grape-mim-lp]
	assets:wallet:avax				-0.04238212500000005 AVAX
	assets:wallet:mim				11.241458358828623 MIM
	assets:wallet:grape				10.51842588016275 GRAPE
	assets:wallet:grape_mim_lp				-8.73078696804397 GRAPE_MIM_LP
	assets:buckets:nodes_grape_claimable				0.000015735879351866724 NODES_GRAPE_CLAIMABLE
	assets:buckets:nodes_wine_claimable				9.369433310200001e-8 NODES_WINE_CLAIMABLE
	assets:buckets:vineyard_grape_mim_lp_wine_claimable				7.6474287846e-8 VINEYARD_GRAPE_MIM_LP_WINE_CLAIMABLE
	assets:buckets:vineyard_grape_wine_lp_wine_claimable				2.668305384e-8 VINEYARD_GRAPE_WINE_LP_WINE_CLAIMABLE
	assets:buckets:vineyard_mim_wine_lp_wine_claimable				3.4544332231999996e-8 VINEYARD_MIM_WINE_LP_WINE_CLAIMABLE
	assets:buckets:vineyard_grape_staked_wine_claimable				2.5502059720905468e-8 VINEYARD_GRAPE_STAKED_WINE_CLAIMABLE


2022-06-14 approve traderjoe.swapExactTokensForTokens
	assets:wallet:avax				-0.006577875000000066 AVAX
	assets:buckets:nodes_grape_claimable				0.000007867939675932929 NODES_GRAPE_CLAIMABLE
	assets:buckets:nodes_wine_claimable				4.684716655099998e-8 NODES_WINE_CLAIMABLE
	assets:buckets:vineyard_grape_mim_lp_wine_claimable				3.8237143923e-8 VINEYARD_GRAPE_MIM_LP_WINE_CLAIMABLE
	assets:buckets:vineyard_grape_wine_lp_wine_claimable				1.3341526919999994e-8 VINEYARD_GRAPE_WINE_LP_WINE_CLAIMABLE
	assets:buckets:vineyard_mim_wine_lp_wine_claimable				1.7272166116e-8 VINEYARD_MIM_WINE_LP_WINE_CLAIMABLE
	assets:buckets:vineyard_grape_staked_wine_claimable				1.2751029839636052e-8 VINEYARD_GRAPE_STAKED_WINE_CLAIMABLE


2022-06-14 traderjoe.swapExactTokensForTokens[tokenInAmount 23018231657362090203][tokenIn mim][tokenOut grape]
	assets:wallet:avax				-0.030133124999999872 AVAX
	assets:wallet:mim				-23.018231657362087 MIM
	assets:wallet:grape				21.472768159960932 GRAPE
	assets:buckets:nodes_grape_claimable				0.000015735879351867158 NODES_GRAPE_CLAIMABLE
	assets:buckets:nodes_wine_claimable				9.369433310299998e-8 NODES_WINE_CLAIMABLE
	assets:buckets:vineyard_grape_mim_lp_wine_claimable				7.647428789400001e-8 VINEYARD_GRAPE_MIM_LP_WINE_CLAIMABLE
	assets:buckets:vineyard_grape_wine_lp_wine_claimable				2.668305384e-8 VINEYARD_GRAPE_WINE_LP_WINE_CLAIMABLE
	assets:buckets:vineyard_mim_wine_lp_wine_claimable				3.4544332232e-8 VINEYARD_MIM_WINE_LP_WINE_CLAIMABLE
	assets:buckets:vineyard_grape_staked_wine_claimable				2.550205971743602e-8 VINEYARD_GRAPE_STAKED_WINE_CLAIMABLE


2022-06-14 traderjoe.addLiquidity
	assets:wallet:avax				-0.010406925000000289 AVAX
	assets:buckets:nodes_grape_claimable				0.000007867939675932929 NODES_GRAPE_CLAIMABLE
	assets:buckets:nodes_wine_claimable				4.6847166551000004e-8 NODES_WINE_CLAIMABLE
	assets:buckets:vineyard_grape_mim_lp_wine_claimable				3.8237143922999987e-8 VINEYARD_GRAPE_MIM_LP_WINE_CLAIMABLE
	assets:buckets:vineyard_grape_wine_lp_wine_claimable				1.3341526919999994e-8 VINEYARD_GRAPE_WINE_LP_WINE_CLAIMABLE
	assets:buckets:vineyard_mim_wine_lp_wine_claimable				1.7272166115000013e-8 VINEYARD_MIM_WINE_LP_WINE_CLAIMABLE
	assets:buckets:vineyard_grape_staked_wine_claimable				1.2751029839636052e-8 VINEYARD_GRAPE_STAKED_WINE_CLAIMABLE


2022-06-14 traderjoe.addLiquidity
	assets:wallet:avax				-0.020806199999999997 AVAX
	assets:buckets:nodes_grape_claimable				0.000015735879351867158 NODES_GRAPE_CLAIMABLE
	assets:buckets:nodes_wine_claimable				9.369433310199998e-8 NODES_WINE_CLAIMABLE
	assets:buckets:vineyard_grape_mim_lp_wine_claimable				7.6474287847e-8 VINEYARD_GRAPE_MIM_LP_WINE_CLAIMABLE
	assets:buckets:vineyard_grape_wine_lp_wine_claimable				2.668305384e-8 VINEYARD_GRAPE_WINE_LP_WINE_CLAIMABLE
	assets:buckets:vineyard_mim_wine_lp_wine_claimable				3.4544332232e-8 VINEYARD_MIM_WINE_LP_WINE_CLAIMABLE
	assets:buckets:vineyard_grape_staked_wine_claimable				2.5502059720905468e-8 VINEYARD_GRAPE_STAKED_WINE_CLAIMABLE


2022-06-14 traderjoe.addLiquidity[token1 grape][token2 wine][amount1 21602560307266386985][amount2 128783299848874849]
	assets:wallet:avax				-0.05579032500000025 AVAX
	assets:wallet:grape				-21.602560307266383 GRAPE
	assets:wallet:wine				-0.08745148821369822 WINE
	assets:wallet:grape_wine_lp				1.2599034517867767 GRAPE_WINE_LP
	assets:buckets:nodes_grape_claimable				0.000023603819027800087 NODES_GRAPE_CLAIMABLE
	assets:buckets:nodes_wine_claimable				1.40541499653e-7 NODES_WINE_CLAIMABLE
	assets:buckets:vineyard_grape_mim_lp_wine_claimable				1.14711431817e-7 VINEYARD_GRAPE_MIM_LP_WINE_CLAIMABLE
	assets:buckets:vineyard_grape_wine_lp_wine_claimable				4.002458076000001e-8 VINEYARD_GRAPE_WINE_LP_WINE_CLAIMABLE
	assets:buckets:vineyard_mim_wine_lp_wine_claimable				5.181649834799999e-8 VINEYARD_MIM_WINE_LP_WINE_CLAIMABLE
	assets:buckets:vineyard_grape_staked_wine_claimable				3.825308956054152e-8 VINEYARD_GRAPE_STAKED_WINE_CLAIMABLE


2022-06-14 approve grapefinance-vineyard.deposit
	assets:wallet:avax				-0.010387349999999795 AVAX
	assets:buckets:nodes_grape_claimable				0.000007867939675933796 NODES_GRAPE_CLAIMABLE
	assets:buckets:nodes_wine_claimable				4.6847166552000005e-8 NODES_WINE_CLAIMABLE
	assets:buckets:vineyard_grape_mim_lp_wine_claimable				3.823714392300001e-8 VINEYARD_GRAPE_MIM_LP_WINE_CLAIMABLE
	assets:buckets:vineyard_grape_wine_lp_wine_claimable				1.3341526919999981e-8 VINEYARD_GRAPE_WINE_LP_WINE_CLAIMABLE
	assets:buckets:vineyard_mim_wine_lp_wine_claimable				1.7272166115000013e-8 VINEYARD_MIM_WINE_LP_WINE_CLAIMABLE
	assets:buckets:vineyard_grape_staked_wine_claimable				1.2751029839636052e-8 VINEYARD_GRAPE_STAKED_WINE_CLAIMABLE


2022-06-14 grapefinance-vineyard.deposit[LP grape-wine-lp]
	assets:wallet:avax				-0.03376057500000007 AVAX
	assets:wallet:wine				1.4675679613218584e-7 WINE
	assets:wallet:grape_wine_lp				-1.3113797041608115 GRAPE_WINE_LP
	assets:buckets:nodes_grape_claimable				0.000015735879351866724 NODES_GRAPE_CLAIMABLE
	assets:buckets:nodes_wine_claimable				9.369433310299998e-8 NODES_WINE_CLAIMABLE
	assets:buckets:vineyard_grape_mim_lp_wine_claimable				7.6474287847e-8 VINEYARD_GRAPE_MIM_LP_WINE_CLAIMABLE
	assets:buckets:vineyard_grape_wine_lp_staked				1.3113797041608115 VINEYARD_GRAPE_WINE_LP_STAKED
	assets:buckets:vineyard_grape_wine_lp_wine_claimable				-1.20073742279e-7 VINEYARD_GRAPE_WINE_LP_WINE_CLAIMABLE
	assets:buckets:vineyard_mim_wine_lp_wine_claimable				3.4544332232e-8 VINEYARD_MIM_WINE_LP_WINE_CLAIMABLE
	assets:buckets:vineyard_grape_staked_wine_claimable				2.5502059720905468e-8 VINEYARD_GRAPE_STAKED_WINE_CLAIMABLE


2022-06-14 traderjoe.addLiquidity
	assets:wallet:avax				-0.006577875000000066 AVAX
	assets:buckets:nodes_grape_claimable				0.000007867939675932929 NODES_GRAPE_CLAIMABLE
	assets:buckets:nodes_wine_claimable				4.684716655099998e-8 NODES_WINE_CLAIMABLE
	assets:buckets:vineyard_grape_mim_lp_wine_claimable				3.823714397000002e-8 VINEYARD_GRAPE_MIM_LP_WINE_CLAIMABLE
	assets:buckets:vineyard_grape_wine_lp_wine_claimable				3.0823542683e-8 VINEYARD_GRAPE_WINE_LP_WINE_CLAIMABLE
	assets:buckets:vineyard_mim_wine_lp_wine_claimable				1.7272166116000015e-8 VINEYARD_MIM_WINE_LP_WINE_CLAIMABLE
	assets:buckets:vineyard_grape_staked_wine_claimable				1.2751029839636052e-8 VINEYARD_GRAPE_STAKED_WINE_CLAIMABLE


2022-06-14 traderjoe.addLiquidity
	assets:wallet:avax				-0.01312964999999977 AVAX
	assets:buckets:nodes_grape_claimable				0.000015735879351867158 NODES_GRAPE_CLAIMABLE
	assets:buckets:nodes_wine_claimable				9.369433310200001e-8 NODES_WINE_CLAIMABLE
	assets:buckets:vineyard_grape_mim_lp_wine_claimable				7.647428789299998e-8 VINEYARD_GRAPE_MIM_LP_WINE_CLAIMABLE
	assets:buckets:vineyard_grape_wine_lp_wine_claimable				6.1647085367e-8 VINEYARD_GRAPE_WINE_LP_WINE_CLAIMABLE
	assets:buckets:vineyard_mim_wine_lp_wine_claimable				3.454433223300003e-8 VINEYARD_MIM_WINE_LP_WINE_CLAIMABLE
	assets:buckets:vineyard_grape_staked_wine_claimable				2.5502059720905468e-8 VINEYARD_GRAPE_STAKED_WINE_CLAIMABLE


2022-06-14 traderjoe.addLiquidity[token1 mim][token2 wine][amount1 33725878591224429215][amount2 128783299848874849]
	assets:wallet:avax				-0.04821682499999991 AVAX
	assets:wallet:mim				-33.72587859122443 MIM
	assets:wallet:wine				-0.12828596456552907 WINE
	assets:wallet:mim_wine_lp				1.7373837693716954 MIM_WINE_LP
	assets:buckets:nodes_grape_claimable				0.000023603819027800087 NODES_GRAPE_CLAIMABLE
	assets:buckets:nodes_wine_claimable				1.4054149965300004e-7 NODES_WINE_CLAIMABLE
	assets:buckets:vineyard_grape_mim_lp_wine_claimable				1.1471143181700002e-7 VINEYARD_GRAPE_MIM_LP_WINE_CLAIMABLE
	assets:buckets:vineyard_grape_wine_lp_wine_claimable				9.2470628053e-8 VINEYARD_GRAPE_WINE_LP_WINE_CLAIMABLE
	assets:buckets:vineyard_mim_wine_lp_wine_claimable				5.181649834800002e-8 VINEYARD_MIM_WINE_LP_WINE_CLAIMABLE
	assets:buckets:vineyard_grape_staked_wine_claimable				3.825308956054152e-8 VINEYARD_GRAPE_STAKED_WINE_CLAIMABLE


2022-06-14 approve grapefinance-vineyard.deposit
	assets:wallet:avax				-0.010387349999999795 AVAX
	assets:buckets:nodes_grape_claimable				0.00000786793967593423 NODES_GRAPE_CLAIMABLE
	assets:buckets:nodes_wine_claimable				4.684716655199995e-8 NODES_WINE_CLAIMABLE
	assets:buckets:vineyard_grape_mim_lp_wine_claimable				3.823714392300001e-8 VINEYARD_GRAPE_MIM_LP_WINE_CLAIMABLE
	assets:buckets:vineyard_grape_wine_lp_wine_claimable				3.082354268400001e-8 VINEYARD_GRAPE_WINE_LP_WINE_CLAIMABLE
	assets:buckets:vineyard_mim_wine_lp_wine_claimable				1.7272166116000015e-8 VINEYARD_MIM_WINE_LP_WINE_CLAIMABLE
	assets:buckets:vineyard_grape_staked_wine_claimable				1.2751029877799969e-8 VINEYARD_GRAPE_STAKED_WINE_CLAIMABLE


2022-06-14 grapefinance-vineyard.deposit[LP mim-wine-lp]
	assets:wallet:avax				-0.03376057500000007 AVAX
	assets:wallet:wine				2.9362682397310325e-7 WINE
	assets:wallet:mim_wine_lp				-1.7605991953968074 MIM_WINE_LP
	assets:buckets:nodes_grape_claimable				0.000015735879351867158 NODES_GRAPE_CLAIMABLE
	assets:buckets:nodes_wine_claimable				9.369433310299998e-8 NODES_WINE_CLAIMABLE
	assets:buckets:vineyard_grape_mim_lp_wine_claimable				7.647428789299998e-8 VINEYARD_GRAPE_MIM_LP_WINE_CLAIMABLE
	assets:buckets:vineyard_grape_wine_lp_wine_claimable				6.164708536799999e-8 VINEYARD_GRAPE_WINE_LP_WINE_CLAIMABLE
	assets:buckets:vineyard_mim_wine_lp_staked				1.7605991953968074 VINEYARD_MIM_WINE_LP_STAKED
	assets:buckets:vineyard_mim_wine_lp_wine_claimable				-2.5908249174e-7 VINEYARD_MIM_WINE_LP_WINE_CLAIMABLE
	assets:buckets:vineyard_grape_staked_wine_claimable				2.550205971743602e-8 VINEYARD_GRAPE_STAKED_WINE_CLAIMABLE


2022-06-14 grapefinance-vineyard.withdraw[pid 0-grapemimlp]
	assets:wallet:avax				-0.01963215000000007 AVAX
	assets:wallet:wine				0.003943699166637282 WINE
	assets:buckets:nodes_wine_claimable				0.0000019211260739145433 NODES_WINE_CLAIMABLE
	assets:buckets:vineyard_grape_mim_lp_wine_claimable				-0.00394184190176364 VINEYARD_GRAPE_MIM_LP_WINE_CLAIMABLE
	assets:buckets:vineyard_grape_wine_lp_wine_claimable				5.470026037161183e-7 VINEYARD_GRAPE_WINE_LP_WINE_CLAIMABLE
	assets:buckets:vineyard_mim_wine_lp_wine_claimable				7.081032357498986e-7 VINEYARD_MIM_WINE_LP_WINE_CLAIMABLE
	assets:buckets:vineyard_grape_staked_wine_claimable				5.227922242403982e-7 VINEYARD_GRAPE_STAKED_WINE_CLAIMABLE


2022-06-14 grapefinance-vineyard.withdraw[pid 1-mimwinelp]
	assets:wallet:avax				-0.019634850000000093 AVAX
	assets:wallet:wine				0.0014862276361742865 WINE
	assets:buckets:nodes_wine_claimable				4.685673351059738e-8 NODES_WINE_CLAIMABLE
	assets:buckets:vineyard_grape_mim_lp_wine_claimable				4.5299143232e-8 VINEYARD_GRAPE_MIM_LP_WINE_CLAIMABLE
	assets:buckets:vineyard_grape_wine_lp_wine_claimable				1.3341526919905325e-8 VINEYARD_GRAPE_WINE_LP_WINE_CLAIMABLE
	assets:buckets:vineyard_mim_wine_lp_wine_claimable				-0.001486210365363656 VINEYARD_MIM_WINE_LP_WINE_CLAIMABLE
	assets:buckets:vineyard_grape_staked_wine_claimable				1.2751029839636052e-8 VINEYARD_GRAPE_STAKED_WINE_CLAIMABLE


2022-06-14 grapefinance-vineyard.withdraw[pid 2-grapewinelp]
	assets:wallet:avax				-0.019634850000000093 AVAX
	assets:wallet:wine				0.0011716638053709816 WINE
	assets:buckets:nodes_wine_claimable				4.685673350973002e-8 NODES_WINE_CLAIMABLE
	assets:buckets:vineyard_grape_mim_lp_wine_claimable				4.5299143288000007e-8 VINEYARD_GRAPE_MIM_LP_WINE_CLAIMABLE
	assets:buckets:vineyard_grape_wine_lp_wine_claimable				-0.001171650463844066 VINEYARD_GRAPE_WINE_LP_WINE_CLAIMABLE
	assets:buckets:vineyard_mim_wine_lp_wine_claimable				1.7270810627e-8 VINEYARD_MIM_WINE_LP_WINE_CLAIMABLE
	assets:buckets:vineyard_grape_staked_wine_claimable				1.2751029881269416e-8 VINEYARD_GRAPE_STAKED_WINE_CLAIMABLE


2022-06-14 grapefinance-winery.winery.claimReward
	assets:wallet:avax				-0.019068299999999816 AVAX
	assets:wallet:grape				2.754180396138814 GRAPE
	assets:buckets:nodes_wine_claimable				9.37134670203274e-8 NODES_WINE_CLAIMABLE
	assets:buckets:vineyard_grape_mim_lp_wine_claimable				9.059828652e-8 VINEYARD_GRAPE_MIM_LP_WINE_CLAIMABLE
	assets:buckets:vineyard_grape_wine_lp_wine_claimable				2.6683053839e-8 VINEYARD_GRAPE_WINE_LP_WINE_CLAIMABLE
	assets:buckets:vineyard_mim_wine_lp_wine_claimable				3.4541621256e-8 VINEYARD_MIM_WINE_LP_WINE_CLAIMABLE
	assets:buckets:vineyard_grape_staked_wine_claimable				2.550205971743602e-8 VINEYARD_GRAPE_STAKED_WINE_CLAIMABLE
	assets:buckets:winery_grape_claimable				-2.7541803961388154 WINERY_GRAPE_CLAIMABLE


2022-06-14 grapefinance-winenode.nodes_wine.claim
	assets:wallet:avax				-0.02560072499999988 AVAX
	assets:wallet:wine				0.004147866640705378 WINE
	assets:buckets:nodes_wine_claimable				-0.004147819783971872 NODES_WINE_CLAIMABLE
	assets:buckets:vineyard_grape_mim_lp_wine_claimable				4.5299143232e-8 VINEYARD_GRAPE_MIM_LP_WINE_CLAIMABLE
	assets:buckets:vineyard_grape_wine_lp_wine_claimable				1.334152692e-8 VINEYARD_GRAPE_WINE_LP_WINE_CLAIMABLE
	assets:buckets:vineyard_mim_wine_lp_wine_claimable				1.7270810627999996e-8 VINEYARD_MIM_WINE_LP_WINE_CLAIMABLE
	assets:buckets:vineyard_grape_staked_wine_claimable				1.2751029843105499e-8 VINEYARD_GRAPE_STAKED_WINE_CLAIMABLE


2022-06-14 nodeContract.approve
	assets:wallet:avax				-0.010401525000000245 AVAX
	assets:buckets:nodes_wine_claimable				4.6843262199e-8 NODES_WINE_CLAIMABLE
	assets:buckets:vineyard_grape_mim_lp_wine_claimable				4.529914328799997e-8 VINEYARD_GRAPE_MIM_LP_WINE_CLAIMABLE
	assets:buckets:vineyard_grape_wine_lp_wine_claimable				1.334152692e-8 VINEYARD_GRAPE_WINE_LP_WINE_CLAIMABLE
	assets:buckets:vineyard_mim_wine_lp_wine_claimable				1.7270810629000005e-8 VINEYARD_MIM_WINE_LP_WINE_CLAIMABLE
	assets:buckets:vineyard_grape_staked_wine_claimable				1.2751029877799969e-8 VINEYARD_GRAPE_STAKED_WINE_CLAIMABLE


2022-06-14 grapefinance-grapenode.create[nodeTier 0][numNodes 1]
	assets:wallet:avax				-0.04883152500000021 AVAX
	assets:wallet:grape				-50 GRAPE
	assets:buckets:nodes_grape				1 NODES_GRAPE
	assets:buckets:nodes_grape_claimable				0.003611384311253435 NODES_GRAPE_CLAIMABLE
	assets:buckets:nodes_wine_claimable				9.3686524398e-8 NODES_WINE_CLAIMABLE
	assets:buckets:vineyard_grape_mim_lp_wine_claimable				9.059828651999999e-8 VINEYARD_GRAPE_MIM_LP_WINE_CLAIMABLE
	assets:buckets:vineyard_grape_wine_lp_wine_claimable				2.6683053839999995e-8 VINEYARD_GRAPE_WINE_LP_WINE_CLAIMABLE
	assets:buckets:vineyard_mim_wine_lp_wine_claimable				3.4541621256000006e-8 VINEYARD_MIM_WINE_LP_WINE_CLAIMABLE
	assets:buckets:vineyard_grape_staked_wine_claimable				2.550205971743602e-8 VINEYARD_GRAPE_STAKED_WINE_CLAIMABLE


2022-06-14 grapefinance-vineyard.withdraw[pid 0-grapemimlp]
	assets:wallet:avax				-0.023130000000000095 AVAX
	assets:wallet:wine				4.0769228931702983e-7 WINE
	assets:wallet:grape_mim_lp				8.642990623549553 GRAPE_MIM_LP
	assets:buckets:nodes_grape_claimable				0.000015735879351865857 NODES_GRAPE_CLAIMABLE
	assets:buckets:nodes_wine_claimable				9.3686524398e-8 NODES_WINE_CLAIMABLE
	assets:buckets:vineyard_grape_mim_lp_staked				-8.64299062354955 VINEYARD_GRAPE_MIM_LP_STAKED
	assets:buckets:vineyard_grape_mim_lp_wine_claimable				-3.17094002792e-7 VINEYARD_GRAPE_MIM_LP_WINE_CLAIMABLE
	assets:buckets:vineyard_grape_wine_lp_wine_claimable				2.668305384e-8 VINEYARD_GRAPE_WINE_LP_WINE_CLAIMABLE
	assets:buckets:vineyard_mim_wine_lp_wine_claimable				3.4541621256999994e-8 VINEYARD_MIM_WINE_LP_WINE_CLAIMABLE
	assets:buckets:vineyard_grape_staked_wine_claimable				2.5502059720905468e-8 VINEYARD_GRAPE_STAKED_WINE_CLAIMABLE


2022-06-14 approve traderjoe.removeLiquidity
	assets:wallet:avax				-0.010387349999999795 AVAX
	assets:buckets:nodes_grape_claimable				0.00000786793967593423 NODES_GRAPE_CLAIMABLE
	assets:buckets:nodes_wine_claimable				4.6843262200000005e-8 NODES_WINE_CLAIMABLE
	assets:buckets:vineyard_grape_mim_lp_wine_claimable				3.8308021938e-8 VINEYARD_GRAPE_MIM_LP_WINE_CLAIMABLE
	assets:buckets:vineyard_grape_wine_lp_wine_claimable				1.3341526920000007e-8 VINEYARD_GRAPE_WINE_LP_WINE_CLAIMABLE
	assets:buckets:vineyard_mim_wine_lp_wine_claimable				1.7270810627000014e-8 VINEYARD_MIM_WINE_LP_WINE_CLAIMABLE
	assets:buckets:vineyard_grape_staked_wine_claimable				1.2751029839636052e-8 VINEYARD_GRAPE_STAKED_WINE_CLAIMABLE


2022-06-14 traderjoe.removeLiquidity[LP grape-mim-lp]
	assets:wallet:avax				-0.04417964999999979 AVAX
	assets:wallet:mim				11.128965766721883 MIM
	assets:wallet:grape				10.412138945761777 GRAPE
	assets:wallet:grape_mim_lp				-8.642990623549553 GRAPE_MIM_LP
	assets:buckets:nodes_grape_claimable				0.000023603819027801388 NODES_GRAPE_CLAIMABLE
	assets:buckets:nodes_wine_claimable				1.40529786598e-7 NODES_WINE_CLAIMABLE
	assets:buckets:vineyard_grape_mim_lp_wine_claimable				1.1492406586e-7 VINEYARD_GRAPE_MIM_LP_WINE_CLAIMABLE
	assets:buckets:vineyard_grape_wine_lp_wine_claimable				4.0024580759999995e-8 VINEYARD_GRAPE_WINE_LP_WINE_CLAIMABLE
	assets:buckets:vineyard_mim_wine_lp_wine_claimable				5.1812431883999996e-8 VINEYARD_MIM_WINE_LP_WINE_CLAIMABLE
	assets:buckets:vineyard_grape_staked_wine_claimable				3.825308956054152e-8 VINEYARD_GRAPE_STAKED_WINE_CLAIMABLE


2022-06-14 approve traderjoe.swapExactTokensForTokens
	assets:wallet:avax				-0.006577875000000066 AVAX
	assets:buckets:nodes_grape_claimable				0.000007867939675932929 NODES_GRAPE_CLAIMABLE
	assets:buckets:nodes_wine_claimable				4.6843262199000004e-8 NODES_WINE_CLAIMABLE
	assets:buckets:vineyard_grape_mim_lp_wine_claimable				3.830802198599999e-8 VINEYARD_GRAPE_MIM_LP_WINE_CLAIMABLE
	assets:buckets:vineyard_grape_wine_lp_wine_claimable				1.3341526919000006e-8 VINEYARD_GRAPE_WINE_LP_WINE_CLAIMABLE
	assets:buckets:vineyard_mim_wine_lp_wine_claimable				1.7270810627000014e-8 VINEYARD_MIM_WINE_LP_WINE_CLAIMABLE
	assets:buckets:vineyard_grape_staked_wine_claimable				1.2751029881269416e-8 VINEYARD_GRAPE_STAKED_WINE_CLAIMABLE


2022-06-14 traderjoe.swapExactTokensForTokens[tokenInAmount 22971382641543801384][tokenIn mim][tokenOut grape]
	assets:wallet:avax				-0.030133124999999872 AVAX
	assets:wallet:mim				-22.971382641543798 MIM
	assets:wallet:grape				21.426946404766348 GRAPE
	assets:buckets:nodes_grape_claimable				0.000015735879351866724 NODES_GRAPE_CLAIMABLE
	assets:buckets:nodes_wine_claimable				9.368652439899998e-8 NODES_WINE_CLAIMABLE
	assets:buckets:vineyard_grape_mim_lp_wine_claimable				7.661604397099999e-8 VINEYARD_GRAPE_MIM_LP_WINE_CLAIMABLE
	assets:buckets:vineyard_grape_wine_lp_wine_claimable				2.6683053839000013e-8 VINEYARD_GRAPE_WINE_LP_WINE_CLAIMABLE
	assets:buckets:vineyard_mim_wine_lp_wine_claimable				3.4541621256000006e-8 VINEYARD_MIM_WINE_LP_WINE_CLAIMABLE
	assets:buckets:vineyard_grape_staked_wine_claimable				2.5502059720905468e-8 VINEYARD_GRAPE_STAKED_WINE_CLAIMABLE


2022-06-14 traderjoe.addLiquidity
	assets:wallet:avax				-0.010406925000000289 AVAX
	assets:buckets:nodes_grape_claimable				0.000007867939675932929 NODES_GRAPE_CLAIMABLE
	assets:buckets:nodes_wine_claimable				4.6843262199000004e-8 NODES_WINE_CLAIMABLE
	assets:buckets:vineyard_grape_mim_lp_wine_claimable				3.8308021936999994e-8 VINEYARD_GRAPE_MIM_LP_WINE_CLAIMABLE
	assets:buckets:vineyard_grape_wine_lp_wine_claimable				1.3341526920000007e-8 VINEYARD_GRAPE_WINE_LP_WINE_CLAIMABLE
	assets:buckets:vineyard_mim_wine_lp_wine_claimable				1.7270810628000016e-8 VINEYARD_MIM_WINE_LP_WINE_CLAIMABLE
	assets:buckets:vineyard_grape_staked_wine_claimable				1.2751029877799969e-8 VINEYARD_GRAPE_STAKED_WINE_CLAIMABLE


2022-06-14 traderjoe.addLiquidity
	assets:wallet:avax				-0.020806199999999997 AVAX
	assets:buckets:nodes_grape_claimable				0.00001573587935186629 NODES_GRAPE_CLAIMABLE
	assets:buckets:nodes_wine_claimable				9.368652439800006e-8 NODES_WINE_CLAIMABLE
	assets:buckets:vineyard_grape_mim_lp_wine_claimable				7.6616043923e-8 VINEYARD_GRAPE_MIM_LP_WINE_CLAIMABLE
	assets:buckets:vineyard_grape_wine_lp_wine_claimable				2.6683053839999988e-8 VINEYARD_GRAPE_WINE_LP_WINE_CLAIMABLE
	assets:buckets:vineyard_mim_wine_lp_wine_claimable				3.454162125499998e-8 VINEYARD_MIM_WINE_LP_WINE_CLAIMABLE
	assets:buckets:vineyard_grape_staked_wine_claimable				2.550205971743602e-8 VINEYARD_GRAPE_STAKED_WINE_CLAIMABLE


2022-06-14 traderjoe.addLiquidity[token1 grape][token2 wine][amount1 21556460831842272796][amount2 128789361883211023]
	assets:wallet:avax				-0.05579032500000025 AVAX
	assets:wallet:grape				-21.556460831842273 GRAPE
	assets:wallet:wine				-0.0872648683096513 WINE
	assets:wallet:grape_wine_lp				1.2572148404654204 GRAPE_WINE_LP
	assets:buckets:nodes_grape_claimable				0.000023603819027800087 NODES_GRAPE_CLAIMABLE
	assets:buckets:nodes_wine_claimable				1.40529786597e-7 NODES_WINE_CLAIMABLE
	assets:buckets:vineyard_grape_mim_lp_wine_claimable				1.14924065908e-7 VINEYARD_GRAPE_MIM_LP_WINE_CLAIMABLE
	assets:buckets:vineyard_grape_wine_lp_wine_claimable				4.0024580759999995e-8 VINEYARD_GRAPE_WINE_LP_WINE_CLAIMABLE
	assets:buckets:vineyard_mim_wine_lp_wine_claimable				5.1812431883999996e-8 VINEYARD_MIM_WINE_LP_WINE_CLAIMABLE
	assets:buckets:vineyard_grape_staked_wine_claimable				3.8253089598705436e-8 VINEYARD_GRAPE_STAKED_WINE_CLAIMABLE


2022-06-14 approve grapefinance-vineyard.deposit
	assets:wallet:avax				-0.010387349999999795 AVAX
	assets:buckets:nodes_grape_claimable				0.000007867939675932929 NODES_GRAPE_CLAIMABLE
	assets:buckets:nodes_wine_claimable				4.684326219999998e-8 NODES_WINE_CLAIMABLE
	assets:buckets:vineyard_grape_mim_lp_wine_claimable				3.830802193700002e-8 VINEYARD_GRAPE_MIM_LP_WINE_CLAIMABLE
	assets:buckets:vineyard_grape_wine_lp_wine_claimable				1.3341526920000007e-8 VINEYARD_GRAPE_WINE_LP_WINE_CLAIMABLE
	assets:buckets:vineyard_mim_wine_lp_wine_claimable				1.727081062799999e-8 VINEYARD_MIM_WINE_LP_WINE_CLAIMABLE
	assets:buckets:vineyard_grape_staked_wine_claimable				1.2751029839636052e-8 VINEYARD_GRAPE_STAKED_WINE_CLAIMABLE


2022-06-14 grapefinance-vineyard.deposit[LP grape-wine-lp]
	assets:wallet:avax				-0.03376057500000007 AVAX
	assets:wallet:wine				2.2680595762603062e-7 WINE
	assets:wallet:grape_wine_lp				-1.308692437145116 GRAPE_WINE_LP
	assets:buckets:nodes_grape_claimable				0.000015735879351867158 NODES_GRAPE_CLAIMABLE
	assets:buckets:nodes_wine_claimable				9.368652439900004e-8 NODES_WINE_CLAIMABLE
	assets:buckets:vineyard_grape_mim_lp_wine_claimable				7.6616043923e-8 VINEYARD_GRAPE_MIM_LP_WINE_CLAIMABLE
	assets:buckets:vineyard_grape_wine_lp_staked				1.3086924371451158 VINEYARD_GRAPE_WINE_LP_STAKED
	assets:buckets:vineyard_grape_wine_lp_wine_claimable				-2.00122903798e-7 VINEYARD_GRAPE_WINE_LP_WINE_CLAIMABLE
	assets:buckets:vineyard_mim_wine_lp_wine_claimable				3.454162125599998e-8 VINEYARD_MIM_WINE_LP_WINE_CLAIMABLE
	assets:buckets:vineyard_grape_staked_wine_claimable				2.5502059720905468e-8 VINEYARD_GRAPE_STAKED_WINE_CLAIMABLE


2022-06-14 traderjoe.addLiquidity
	assets:wallet:avax				-0.006577874999999622 AVAX
	assets:buckets:nodes_grape_claimable				0.000007867939675932929 NODES_GRAPE_CLAIMABLE
	assets:buckets:nodes_wine_claimable				4.684326219899995e-8 NODES_WINE_CLAIMABLE
	assets:buckets:vineyard_grape_mim_lp_wine_claimable				3.8308021985e-8 VINEYARD_GRAPE_MIM_LP_WINE_CLAIMABLE
	assets:buckets:vineyard_grape_wine_lp_wine_claimable				3.078773469e-8 VINEYARD_GRAPE_WINE_LP_WINE_CLAIMABLE
	assets:buckets:vineyard_mim_wine_lp_wine_claimable				1.7270810628000043e-8 VINEYARD_MIM_WINE_LP_WINE_CLAIMABLE
	assets:buckets:vineyard_grape_staked_wine_claimable				1.2751029839636052e-8 VINEYARD_GRAPE_STAKED_WINE_CLAIMABLE


2022-06-14 traderjoe.addLiquidity
	assets:wallet:avax				-0.01312964999999977 AVAX
	assets:buckets:nodes_grape_claimable				0.000015735879351865857 NODES_GRAPE_CLAIMABLE
	assets:buckets:nodes_wine_claimable				9.368652439800001e-8 NODES_WINE_CLAIMABLE
	assets:buckets:vineyard_grape_mim_lp_wine_claimable				7.661604392200002e-8 VINEYARD_GRAPE_MIM_LP_WINE_CLAIMABLE
	assets:buckets:vineyard_grape_wine_lp_wine_claimable				6.157546938e-8 VINEYARD_GRAPE_WINE_LP_WINE_CLAIMABLE
	assets:buckets:vineyard_mim_wine_lp_wine_claimable				3.454162125700001e-8 VINEYARD_MIM_WINE_LP_WINE_CLAIMABLE
	assets:buckets:vineyard_grape_staked_wine_claimable				2.550205971743602e-8 VINEYARD_GRAPE_STAKED_WINE_CLAIMABLE


2022-06-14 traderjoe.addLiquidity[token1 mim][token2 wine][amount1 33680088483243686426][amount2 128789361883211023]
	assets:wallet:avax				-0.04821682499999991 AVAX
	assets:wallet:mim				-33.680088483243686 MIM
	assets:wallet:wine				-0.1282920897744381 WINE
	assets:wallet:mim_wine_lp				1.7362438308689112 MIM_WINE_LP
	assets:buckets:nodes_grape_claimable				0.000023603819027799653 NODES_GRAPE_CLAIMABLE
	assets:buckets:nodes_wine_claimable				1.4052978659699996e-7 NODES_WINE_CLAIMABLE
	assets:buckets:vineyard_grape_mim_lp_wine_claimable				1.1492406590700002e-7 VINEYARD_GRAPE_MIM_LP_WINE_CLAIMABLE
	assets:buckets:vineyard_grape_wine_lp_wine_claimable				9.236320407e-8 VINEYARD_GRAPE_WINE_LP_WINE_CLAIMABLE
	assets:buckets:vineyard_mim_wine_lp_wine_claimable				5.181243188400002e-8 VINEYARD_MIM_WINE_LP_WINE_CLAIMABLE
	assets:buckets:vineyard_grape_staked_wine_claimable				3.825308956054152e-8 VINEYARD_GRAPE_STAKED_WINE_CLAIMABLE


2022-06-14 approve grapefinance-vineyard.deposit
	assets:wallet:avax				-0.010387349999999795 AVAX
	assets:buckets:nodes_grape_claimable				0.000007867939675933362 NODES_GRAPE_CLAIMABLE
	assets:buckets:nodes_wine_claimable				4.684326219999998e-8 NODES_WINE_CLAIMABLE
	assets:buckets:vineyard_grape_mim_lp_wine_claimable				3.830802198600003e-8 VINEYARD_GRAPE_MIM_LP_WINE_CLAIMABLE
	assets:buckets:vineyard_grape_wine_lp_wine_claimable				3.0787734692e-8 VINEYARD_GRAPE_WINE_LP_WINE_CLAIMABLE
	assets:buckets:vineyard_mim_wine_lp_wine_claimable				1.727081062799999e-8 VINEYARD_MIM_WINE_LP_WINE_CLAIMABLE
	assets:buckets:vineyard_grape_staked_wine_claimable				1.2751029877799969e-8 VINEYARD_GRAPE_STAKED_WINE_CLAIMABLE


2022-06-14 grapefinance-vineyard.deposit[LP mim-wine-lp]
	assets:wallet:avax				-0.03376057500000007 AVAX
	assets:wallet:wine				3.9722864444285966e-7 WINE
	assets:wallet:mim_wine_lp				-1.7594598268632748 MIM_WINE_LP
	assets:buckets:nodes_grape_claimable				0.000015735879351867158 NODES_GRAPE_CLAIMABLE
	assets:buckets:nodes_wine_claimable				9.368652439900004e-8 NODES_WINE_CLAIMABLE
	assets:buckets:vineyard_grape_mim_lp_wine_claimable				7.661604392299994e-8 VINEYARD_GRAPE_MIM_LP_WINE_CLAIMABLE
	assets:buckets:vineyard_grape_wine_lp_wine_claimable				6.157546938200002e-8 VINEYARD_GRAPE_WINE_LP_WINE_CLAIMABLE
	assets:buckets:vineyard_mim_wine_lp_staked				1.7594598268632746 VINEYARD_MIM_WINE_LP_STAKED
	assets:buckets:vineyard_mim_wine_lp_wine_claimable				-3.62687023188e-7 VINEYARD_MIM_WINE_LP_WINE_CLAIMABLE
	assets:buckets:vineyard_grape_staked_wine_claimable				2.550205971743602e-8 VINEYARD_GRAPE_STAKED_WINE_CLAIMABLE


2022-06-14 grapefinance-vineyard.withdraw[pid 0-grapemimlp]
	assets:wallet:avax				-0.019632149999999626 AVAX
	assets:wallet:wine				0.000007738220437682186 WINE
	assets:buckets:nodes_grape_claimable				0.0014713047193995474 NODES_GRAPE_CLAIMABLE
	assets:buckets:nodes_wine_claimable				0.000008759690031257 NODES_WINE_CLAIMABLE
	assets:buckets:vineyard_grape_mim_lp_wine_claimable				-5.74620329492e-7 VINEYARD_GRAPE_MIM_LP_WINE_CLAIMABLE
	assets:buckets:vineyard_grape_wine_lp_wine_claimable				0.000005757306387184 VINEYARD_GRAPE_WINE_LP_WINE_CLAIMABLE
	assets:buckets:vineyard_mim_wine_lp_wine_claimable				0.00000759986376508 VINEYARD_MIM_WINE_LP_WINE_CLAIMABLE
	assets:buckets:vineyard_grape_staked_wine_claimable				0.000002384442583762414 VINEYARD_GRAPE_STAKED_WINE_CLAIMABLE


2022-06-14 grapefinance-vineyard.withdraw[pid 2-grapewinelp]
	assets:wallet:avax				-0.019634850000000093 AVAX
	assets:wallet:wine				0.000005942032795323848 WINE
	assets:buckets:nodes_grape_claimable				0.000007867939675933362 NODES_GRAPE_CLAIMABLE
	assets:buckets:nodes_wine_claimable				4.684326219899995e-8 NODES_WINE_CLAIMABLE
	assets:buckets:vineyard_grape_mim_lp_wine_claimable				3.8308021937e-8 VINEYARD_GRAPE_MIM_LP_WINE_CLAIMABLE
	assets:buckets:vineyard_grape_wine_lp_wine_claimable				-0.000005911245060636 VINEYARD_GRAPE_WINE_LP_WINE_CLAIMABLE
	assets:buckets:vineyard_mim_wine_lp_wine_claimable				4.064098270200046e-8 VINEYARD_MIM_WINE_LP_WINE_CLAIMABLE
	assets:buckets:vineyard_grape_staked_wine_claimable				1.2751029839636052e-8 VINEYARD_GRAPE_STAKED_WINE_CLAIMABLE


2022-06-14 grapefinance-winenode.nodes_wine.claim
	assets:wallet:avax				-0.025600725000000324 AVAX
	assets:wallet:wine				0.000009743398537438719 WINE
	assets:buckets:nodes_grape_claimable				0.000007867939675933362 NODES_GRAPE_CLAIMABLE
	assets:buckets:nodes_wine_claimable				-0.000009696555275241 NODES_WINE_CLAIMABLE
	assets:buckets:vineyard_grape_mim_lp_wine_claimable				3.8308021984999994e-8 VINEYARD_GRAPE_MIM_LP_WINE_CLAIMABLE
	assets:buckets:vineyard_grape_wine_lp_wine_claimable				3.078773469e-8 VINEYARD_GRAPE_WINE_LP_WINE_CLAIMABLE
	assets:buckets:vineyard_mim_wine_lp_wine_claimable				4.064098270199961e-8 VINEYARD_MIM_WINE_LP_WINE_CLAIMABLE
	assets:buckets:vineyard_grape_staked_wine_claimable				1.2751029877799969e-8 VINEYARD_GRAPE_STAKED_WINE_CLAIMABLE


2022-06-14 grapefinance-vineyard.withdraw[pid 0-grapemimlp]
	assets:wallet:avax				-0.01963215000000007 AVAX
	assets:wallet:wine				0.003956065832747269 WINE
	assets:buckets:nodes_wine_claimable				0.0000021554097414657955 NODES_WINE_CLAIMABLE
	assets:buckets:vineyard_grape_mim_lp_wine_claimable				-0.00395398207215732 VINEYARD_GRAPE_MIM_LP_WINE_CLAIMABLE
	assets:buckets:vineyard_grape_wine_lp_wine_claimable				6.137102383149944e-7 VINEYARD_GRAPE_WINE_LP_WINE_CLAIMABLE
	assets:buckets:vineyard_mim_wine_lp_wine_claimable				7.944553894550198e-7 VINEYARD_MIM_WINE_LP_WINE_CLAIMABLE
	assets:buckets:vineyard_grape_staked_wine_claimable				5.865473735183757e-7 VINEYARD_GRAPE_STAKED_WINE_CLAIMABLE


2022-06-14 grapefinance-vineyard.withdraw[pid 1-mimwinelp]
	assets:wallet:avax				-0.019634850000000093 AVAX
	assets:wallet:wine				0.0014909425566572154 WINE
	assets:buckets:nodes_wine_claimable				4.685673351059738e-8 NODES_WINE_CLAIMABLE
	assets:buckets:vineyard_grape_mim_lp_wine_claimable				4.5299143232e-8 VINEYARD_GRAPE_MIM_LP_WINE_CLAIMABLE
	assets:buckets:vineyard_grape_wine_lp_wine_claimable				1.3341526919905325e-8 VINEYARD_GRAPE_WINE_LP_WINE_CLAIMABLE
	assets:buckets:vineyard_mim_wine_lp_wine_claimable				-0.001490925285887883 VINEYARD_MIM_WINE_LP_WINE_CLAIMABLE
	assets:buckets:vineyard_grape_staked_wine_claimable				1.2751029881269416e-8 VINEYARD_GRAPE_STAKED_WINE_CLAIMABLE


2022-06-14 grapefinance-vineyard.withdraw[pid 2-grapewinelp]
	assets:wallet:avax				-0.019634850000000093 AVAX
	assets:wallet:wine				0.0011753060422201034 WINE
	assets:buckets:nodes_wine_claimable				4.685673350973002e-8 NODES_WINE_CLAIMABLE
	assets:buckets:vineyard_grape_mim_lp_wine_claimable				4.5299143288000007e-8 VINEYARD_GRAPE_MIM_LP_WINE_CLAIMABLE
	assets:buckets:vineyard_grape_wine_lp_wine_claimable				-0.0011752927006932 VINEYARD_GRAPE_WINE_LP_WINE_CLAIMABLE
	assets:buckets:vineyard_mim_wine_lp_wine_claimable				1.7270769335e-8 VINEYARD_MIM_WINE_LP_WINE_CLAIMABLE
	assets:buckets:vineyard_grape_staked_wine_claimable				1.2751029839636052e-8 VINEYARD_GRAPE_STAKED_WINE_CLAIMABLE


2022-06-14 grapefinance-winery.winery.claimReward
	assets:wallet:avax				-0.019068299999999816 AVAX
	assets:wallet:grape				2.754180396138814 GRAPE
	assets:buckets:nodes_wine_claimable				4.685673350973002e-8 NODES_WINE_CLAIMABLE
	assets:buckets:vineyard_grape_mim_lp_wine_claimable				4.5299143231999985e-8 VINEYARD_GRAPE_MIM_LP_WINE_CLAIMABLE
	assets:buckets:vineyard_grape_wine_lp_wine_claimable				1.3341526919e-8 VINEYARD_GRAPE_WINE_LP_WINE_CLAIMABLE
	assets:buckets:vineyard_mim_wine_lp_wine_claimable				1.7270769336999998e-8 VINEYARD_MIM_WINE_LP_WINE_CLAIMABLE
	assets:buckets:vineyard_grape_staked_wine_claimable				1.2751029877799969e-8 VINEYARD_GRAPE_STAKED_WINE_CLAIMABLE
	assets:buckets:winery_grape_claimable				-2.7541803961388154 WINERY_GRAPE_CLAIMABLE


2022-06-14 grapefinance-winenode.nodes_wine.claim
	assets:wallet:avax				-0.02560072499999988 AVAX
	assets:wallet:wine				0.004160611672220149 WINE
	assets:buckets:nodes_wine_claimable				-0.004160564815486625 NODES_WINE_CLAIMABLE
	assets:buckets:vineyard_grape_mim_lp_wine_claimable				4.529914328800002e-8 VINEYARD_GRAPE_MIM_LP_WINE_CLAIMABLE
	assets:buckets:vineyard_grape_wine_lp_wine_claimable				1.3341526919999999e-8 VINEYARD_GRAPE_WINE_LP_WINE_CLAIMABLE
	assets:buckets:vineyard_mim_wine_lp_wine_claimable				1.7270769335e-8 VINEYARD_MIM_WINE_LP_WINE_CLAIMABLE
	assets:buckets:vineyard_grape_staked_wine_claimable				1.2751029839636052e-8 VINEYARD_GRAPE_STAKED_WINE_CLAIMABLE


2022-06-14 nodeContract.approve
	assets:wallet:avax				-0.010401525000000245 AVAX
	assets:buckets:nodes_wine_claimable				4.6832641339e-8 NODES_WINE_CLAIMABLE
	assets:buckets:vineyard_grape_mim_lp_wine_claimable				4.5299143232e-8 VINEYARD_GRAPE_MIM_LP_WINE_CLAIMABLE
	assets:buckets:vineyard_grape_wine_lp_wine_claimable				1.334152692e-8 VINEYARD_GRAPE_WINE_LP_WINE_CLAIMABLE
	assets:buckets:vineyard_mim_wine_lp_wine_claimable				1.7270769336999998e-8 VINEYARD_MIM_WINE_LP_WINE_CLAIMABLE
	assets:buckets:vineyard_grape_staked_wine_claimable				1.2751029881269416e-8 VINEYARD_GRAPE_STAKED_WINE_CLAIMABLE


2022-06-14 grapefinance-grapenode.create[nodeTier 0][numNodes 1]
	assets:wallet:avax				-0.04883152500000021 AVAX
	assets:wallet:grape				-50 GRAPE
	assets:buckets:nodes_grape				1 NODES_GRAPE
	assets:buckets:nodes_grape_claimable				0.000739338591483165 NODES_GRAPE_CLAIMABLE
	assets:buckets:nodes_wine_claimable				9.3665282679e-8 NODES_WINE_CLAIMABLE
	assets:buckets:vineyard_grape_mim_lp_wine_claimable				9.059828651999997e-8 VINEYARD_GRAPE_MIM_LP_WINE_CLAIMABLE
	assets:buckets:vineyard_grape_wine_lp_wine_claimable				2.668305384e-8 VINEYARD_GRAPE_WINE_LP_WINE_CLAIMABLE
	assets:buckets:vineyard_mim_wine_lp_wine_claimable				3.4541538672e-8 VINEYARD_MIM_WINE_LP_WINE_CLAIMABLE
	assets:buckets:vineyard_grape_staked_wine_claimable				2.5502059720905468e-8 VINEYARD_GRAPE_STAKED_WINE_CLAIMABLE


2022-06-14 grapefinance-vineyard.withdraw[pid 0-grapemimlp]
	assets:wallet:avax				-0.023130000000000095 AVAX
	assets:wallet:wine				3.623931461027574e-7 WINE
	assets:wallet:grape_mim_lp				8.648222317335144 GRAPE_MIM_LP
	assets:buckets:nodes_grape_claimable				0.000015730608329428972 NODES_GRAPE_CLAIMABLE
	assets:buckets:nodes_wine_claimable				9.3665282679e-8 NODES_WINE_CLAIMABLE
	assets:buckets:vineyard_grape_mim_lp_staked				-8.648222317335147 VINEYARD_GRAPE_MIM_LP_STAKED
	assets:buckets:vineyard_grape_mim_lp_wine_claimable				-2.7179485956e-7 VINEYARD_GRAPE_MIM_LP_WINE_CLAIMABLE
	assets:buckets:vineyard_grape_wine_lp_wine_claimable				2.668305384e-8 VINEYARD_GRAPE_WINE_LP_WINE_CLAIMABLE
	assets:buckets:vineyard_mim_wine_lp_wine_claimable				3.454153867199999e-8 VINEYARD_MIM_WINE_LP_WINE_CLAIMABLE
	assets:buckets:vineyard_grape_staked_wine_claimable				2.5502059720905468e-8 VINEYARD_GRAPE_STAKED_WINE_CLAIMABLE


2022-06-14 approve traderjoe.removeLiquidity
	assets:wallet:avax				-0.010387349999999795 AVAX
	assets:buckets:nodes_grape_claimable				0.000007865304164713944 NODES_GRAPE_CLAIMABLE
	assets:buckets:nodes_wine_claimable				4.6832641340000006e-8 NODES_WINE_CLAIMABLE
	assets:buckets:vineyard_grape_mim_lp_wine_claimable				3.8303790107e-8 VINEYARD_GRAPE_MIM_LP_WINE_CLAIMABLE
	assets:buckets:vineyard_grape_wine_lp_wine_claimable				1.3341526919999994e-8 VINEYARD_GRAPE_WINE_LP_WINE_CLAIMABLE
	assets:buckets:vineyard_mim_wine_lp_wine_claimable				1.7270769337000004e-8 VINEYARD_MIM_WINE_LP_WINE_CLAIMABLE
	assets:buckets:vineyard_grape_staked_wine_claimable				1.2751029881269416e-8 VINEYARD_GRAPE_STAKED_WINE_CLAIMABLE


2022-06-14 traderjoe.removeLiquidity[LP grape-mim-lp]
	assets:wallet:avax				-0.04417964999999979 AVAX
	assets:wallet:mim				11.138623820020904 MIM
	assets:wallet:grape				10.415716321867938 GRAPE
	assets:wallet:grape_mim_lp				-8.648222317335144 GRAPE_MIM_LP
	assets:buckets:nodes_grape_claimable				0.000015730608329428972 NODES_GRAPE_CLAIMABLE
	assets:buckets:nodes_wine_claimable				9.366528267900001e-8 NODES_WINE_CLAIMABLE
	assets:buckets:vineyard_grape_mim_lp_wine_claimable				7.6607580261e-8 VINEYARD_GRAPE_MIM_LP_WINE_CLAIMABLE
	assets:buckets:vineyard_grape_wine_lp_wine_claimable				2.668305384e-8 VINEYARD_GRAPE_WINE_LP_WINE_CLAIMABLE
	assets:buckets:vineyard_mim_wine_lp_wine_claimable				3.4541538672000005e-8 VINEYARD_MIM_WINE_LP_WINE_CLAIMABLE
	assets:buckets:vineyard_grape_staked_wine_claimable				2.5502059720905468e-8 VINEYARD_GRAPE_STAKED_WINE_CLAIMABLE


2022-06-14 approve traderjoe.swapExactTokensForTokens
	assets:wallet:avax				-0.006577875000000066 AVAX
	assets:buckets:nodes_grape_claimable				0.000007865304164714052 NODES_GRAPE_CLAIMABLE
	assets:buckets:nodes_wine_claimable				4.683264133999998e-8 NODES_WINE_CLAIMABLE
	assets:buckets:vineyard_grape_mim_lp_wine_claimable				3.8303790105999995e-8 VINEYARD_GRAPE_MIM_LP_WINE_CLAIMABLE
	assets:buckets:vineyard_grape_wine_lp_wine_claimable				1.3341526920000007e-8 VINEYARD_GRAPE_WINE_LP_WINE_CLAIMABLE
	assets:buckets:vineyard_mim_wine_lp_wine_claimable				1.7270769336000003e-8 VINEYARD_MIM_WINE_LP_WINE_CLAIMABLE
	assets:buckets:vineyard_grape_staked_wine_claimable				1.2751029877799969e-8 VINEYARD_GRAPE_STAKED_WINE_CLAIMABLE


2022-06-14 traderjoe.swapExactTokensForTokens[tokenInAmount 22973779011117535731][tokenIn mim][tokenOut grape]
	assets:wallet:avax				-0.030133124999999872 AVAX
	assets:wallet:mim				-22.973779011117536 MIM
	assets:wallet:grape				21.417957147050164 GRAPE
	assets:buckets:nodes_grape_claimable				0.000015730608329428972 NODES_GRAPE_CLAIMABLE
	assets:buckets:nodes_wine_claimable				9.366528268000001e-8 NODES_WINE_CLAIMABLE
	assets:buckets:vineyard_grape_mim_lp_wine_claimable				7.660758026e-8 VINEYARD_GRAPE_MIM_LP_WINE_CLAIMABLE
	assets:buckets:vineyard_grape_wine_lp_wine_claimable				2.6683053839999988e-8 VINEYARD_GRAPE_WINE_LP_WINE_CLAIMABLE
	assets:buckets:vineyard_mim_wine_lp_wine_claimable				3.4541538672000005e-8 VINEYARD_MIM_WINE_LP_WINE_CLAIMABLE
	assets:buckets:vineyard_grape_staked_wine_claimable				2.550205971743602e-8 VINEYARD_GRAPE_STAKED_WINE_CLAIMABLE


2022-06-14 traderjoe.addLiquidity
	assets:wallet:avax				-0.010406925000000289 AVAX
	assets:buckets:nodes_grape_claimable				0.000007865304164714052 NODES_GRAPE_CLAIMABLE
	assets:buckets:nodes_wine_claimable				4.6832641339000004e-8 NODES_WINE_CLAIMABLE
	assets:buckets:vineyard_grape_mim_lp_wine_claimable				3.8303790154000016e-8 VINEYARD_GRAPE_MIM_LP_WINE_CLAIMABLE
	assets:buckets:vineyard_grape_wine_lp_wine_claimable				1.3341526919000006e-8 VINEYARD_GRAPE_WINE_LP_WINE_CLAIMABLE
	assets:buckets:vineyard_mim_wine_lp_wine_claimable				1.7270769336000003e-8 VINEYARD_MIM_WINE_LP_WINE_CLAIMABLE
	assets:buckets:vineyard_grape_staked_wine_claimable				1.2751029881269416e-8 VINEYARD_GRAPE_STAKED_WINE_CLAIMABLE


2022-06-14 traderjoe.addLiquidity
	assets:wallet:avax				-0.020806199999999997 AVAX
	assets:buckets:nodes_grape_claimable				0.00001573060832942908 NODES_GRAPE_CLAIMABLE
	assets:buckets:nodes_wine_claimable				9.366528267899998e-8 NODES_WINE_CLAIMABLE
	assets:buckets:vineyard_grape_mim_lp_wine_claimable				7.6607580261e-8 VINEYARD_GRAPE_MIM_LP_WINE_CLAIMABLE
	assets:buckets:vineyard_grape_wine_lp_wine_claimable				2.6683053839000013e-8 VINEYARD_GRAPE_WINE_LP_WINE_CLAIMABLE
	assets:buckets:vineyard_mim_wine_lp_wine_claimable				3.4541538672000005e-8 VINEYARD_MIM_WINE_LP_WINE_CLAIMABLE
	assets:buckets:vineyard_grape_staked_wine_claimable				2.5502059720905468e-8 VINEYARD_GRAPE_STAKED_WINE_CLAIMABLE


2022-06-14 traderjoe.addLiquidity[token1 grape][token2 wine][amount1 21547417187048424125][amount2 128806096310689427]
	assets:wallet:avax				-0.05579032500000025 AVAX
	assets:wallet:grape				-21.54741718704842 GRAPE
	assets:wallet:wine				-0.08722825782529903 WINE
	assets:wallet:grape_wine_lp				1.2566873974618857 GRAPE_WINE_LP
	assets:buckets:nodes_grape_claimable				0.000023595912494144 NODES_GRAPE_CLAIMABLE
	assets:buckets:nodes_wine_claimable				1.4049792401900002e-7 NODES_WINE_CLAIMABLE
	assets:buckets:vineyard_grape_mim_lp_wine_claimable				1.1491137041399999e-7 VINEYARD_GRAPE_MIM_LP_WINE_CLAIMABLE
	assets:buckets:vineyard_grape_wine_lp_wine_claimable				4.002458075900002e-8 VINEYARD_GRAPE_WINE_LP_WINE_CLAIMABLE
	assets:buckets:vineyard_mim_wine_lp_wine_claimable				5.181230800800001e-8 VINEYARD_MIM_WINE_LP_WINE_CLAIMABLE
	assets:buckets:vineyard_grape_staked_wine_claimable				3.8253089602174883e-8 VINEYARD_GRAPE_STAKED_WINE_CLAIMABLE


2022-06-14 approve grapefinance-vineyard.deposit
	assets:wallet:avax				-0.010387349999999795 AVAX
	assets:buckets:nodes_grape_claimable				0.000007865304164714052 NODES_GRAPE_CLAIMABLE
	assets:buckets:nodes_wine_claimable				4.6832641339000004e-8 NODES_WINE_CLAIMABLE
	assets:buckets:vineyard_grape_mim_lp_wine_claimable				3.830379010700001e-8 VINEYARD_GRAPE_MIM_LP_WINE_CLAIMABLE
	assets:buckets:vineyard_grape_wine_lp_wine_claimable				1.3341526919999981e-8 VINEYARD_GRAPE_WINE_LP_WINE_CLAIMABLE
	assets:buckets:vineyard_mim_wine_lp_wine_claimable				1.7270769336000003e-8 VINEYARD_MIM_WINE_LP_WINE_CLAIMABLE
	assets:buckets:vineyard_grape_staked_wine_claimable				1.2751029839636052e-8 VINEYARD_GRAPE_STAKED_WINE_CLAIMABLE


2022-06-14 grapefinance-vineyard.deposit[LP grape-wine-lp]
	assets:wallet:avax				-0.03376057500000007 AVAX
	assets:wallet:wine				2.001229037762453e-7 WINE
	assets:wallet:grape_wine_lp				-1.3081652578630831 GRAPE_WINE_LP
	assets:buckets:nodes_grape_claimable				0.00001573060832942908 NODES_GRAPE_CLAIMABLE
	assets:buckets:nodes_wine_claimable				9.366528267899993e-8 NODES_WINE_CLAIMABLE
	assets:buckets:vineyard_grape_mim_lp_wine_claimable				7.660758026100003e-8 VINEYARD_GRAPE_MIM_LP_WINE_CLAIMABLE
	assets:buckets:vineyard_grape_wine_lp_staked				1.3081652578630831 VINEYARD_GRAPE_WINE_LP_STAKED
	assets:buckets:vineyard_grape_wine_lp_wine_claimable				-1.73439849958e-7 VINEYARD_GRAPE_WINE_LP_WINE_CLAIMABLE
	assets:buckets:vineyard_mim_wine_lp_wine_claimable				3.4541538672000005e-8 VINEYARD_MIM_WINE_LP_WINE_CLAIMABLE
	assets:buckets:vineyard_grape_staked_wine_claimable				2.5502059720905468e-8 VINEYARD_GRAPE_STAKED_WINE_CLAIMABLE


2022-06-14 traderjoe.addLiquidity
	assets:wallet:avax				-0.006577874999999622 AVAX
	assets:buckets:nodes_grape_claimable				0.000007865304164713944 NODES_GRAPE_CLAIMABLE
	assets:buckets:nodes_wine_claimable				4.6832641339000004e-8 NODES_WINE_CLAIMABLE
	assets:buckets:vineyard_grape_mim_lp_wine_claimable				3.8303790154000016e-8 VINEYARD_GRAPE_MIM_LP_WINE_CLAIMABLE
	assets:buckets:vineyard_grape_wine_lp_wine_claimable				3.0780709985e-8 VINEYARD_GRAPE_WINE_LP_WINE_CLAIMABLE
	assets:buckets:vineyard_mim_wine_lp_wine_claimable				1.7270769334999974e-8 VINEYARD_MIM_WINE_LP_WINE_CLAIMABLE
	assets:buckets:vineyard_grape_staked_wine_claimable				1.2751029839636052e-8 VINEYARD_GRAPE_STAKED_WINE_CLAIMABLE


2022-06-14 traderjoe.addLiquidity
	assets:wallet:avax				-0.01312964999999977 AVAX
	assets:buckets:nodes_grape_claimable				0.000015730608329428972 NODES_GRAPE_CLAIMABLE
	assets:buckets:nodes_wine_claimable				9.366528267900004e-8 NODES_WINE_CLAIMABLE
	assets:buckets:vineyard_grape_mim_lp_wine_claimable				7.660758026e-8 VINEYARD_GRAPE_MIM_LP_WINE_CLAIMABLE
	assets:buckets:vineyard_grape_wine_lp_wine_claimable				6.1561419973e-8 VINEYARD_GRAPE_WINE_LP_WINE_CLAIMABLE
	assets:buckets:vineyard_mim_wine_lp_wine_claimable				3.4541538672000005e-8 VINEYARD_MIM_WINE_LP_WINE_CLAIMABLE
	assets:buckets:vineyard_grape_staked_wine_claimable				2.550205971743602e-8 VINEYARD_GRAPE_STAKED_WINE_CLAIMABLE


2022-06-14 traderjoe.addLiquidity[token1 mim][token2 wine][amount1 33688096991677163317][amount2 128806096310689427]
	assets:wallet:avax				-0.04821682499999991 AVAX
	assets:wallet:mim				-33.68809699167716 MIM
	assets:wallet:wine				-0.12830875388036975 WINE
	assets:wallet:mim_wine_lp				1.7365628864063594 MIM_WINE_LP
	assets:buckets:nodes_grape_claimable				0.000023595912494142916 NODES_GRAPE_CLAIMABLE
	assets:buckets:nodes_wine_claimable				1.4049792401900007e-7 NODES_WINE_CLAIMABLE
	assets:buckets:vineyard_grape_mim_lp_wine_claimable				1.1491137041400001e-7 VINEYARD_GRAPE_MIM_LP_WINE_CLAIMABLE
	assets:buckets:vineyard_grape_wine_lp_wine_claimable				9.234212996e-8 VINEYARD_GRAPE_WINE_LP_WINE_CLAIMABLE
	assets:buckets:vineyard_mim_wine_lp_wine_claimable				5.181230800699998e-8 VINEYARD_MIM_WINE_LP_WINE_CLAIMABLE
	assets:buckets:vineyard_grape_staked_wine_claimable				3.825308955707207e-8 VINEYARD_GRAPE_STAKED_WINE_CLAIMABLE


2022-06-14 approve grapefinance-vineyard.deposit
	assets:wallet:avax				-0.010387349999999795 AVAX
	assets:buckets:nodes_grape_claimable				0.000007865304164715028 NODES_GRAPE_CLAIMABLE
	assets:buckets:nodes_wine_claimable				4.6832641339000004e-8 NODES_WINE_CLAIMABLE
	assets:buckets:vineyard_grape_mim_lp_wine_claimable				3.830379010699996e-8 VINEYARD_GRAPE_MIM_LP_WINE_CLAIMABLE
	assets:buckets:vineyard_grape_wine_lp_wine_claimable				3.0780709988e-8 VINEYARD_GRAPE_WINE_LP_WINE_CLAIMABLE
	assets:buckets:vineyard_mim_wine_lp_wine_claimable				1.727076933700003e-8 VINEYARD_MIM_WINE_LP_WINE_CLAIMABLE
	assets:buckets:vineyard_grape_staked_wine_claimable				1.2751029881269416e-8 VINEYARD_GRAPE_STAKED_WINE_CLAIMABLE


2022-06-14 grapefinance-vineyard.deposit[LP mim-wine-lp]
	assets:wallet:avax				-0.03376057500000007 AVAX
	assets:wallet:wine				3.626861560523942e-7 WINE
	assets:wallet:mim_wine_lp				-1.7597787228729542 MIM_WINE_LP
	assets:buckets:nodes_grape_claimable				0.00001573060832942908 NODES_GRAPE_CLAIMABLE
	assets:buckets:nodes_wine_claimable				9.366528267899993e-8 NODES_WINE_CLAIMABLE
	assets:buckets:vineyard_grape_mim_lp_wine_claimable				7.660758026099997e-8 VINEYARD_GRAPE_MIM_LP_WINE_CLAIMABLE
	assets:buckets:vineyard_grape_wine_lp_wine_claimable				6.1561419976e-8 VINEYARD_GRAPE_WINE_LP_WINE_CLAIMABLE
	assets:buckets:vineyard_mim_wine_lp_staked				1.759778722872954 VINEYARD_MIM_WINE_LP_STAKED
	assets:buckets:vineyard_mim_wine_lp_wine_claimable				-3.28144617382e-7 VINEYARD_MIM_WINE_LP_WINE_CLAIMABLE
	assets:buckets:vineyard_grape_staked_wine_claimable				2.5502059720905468e-8 VINEYARD_GRAPE_STAKED_WINE_CLAIMABLE


2022-06-14 grapefinance-vineyard.withdraw[pid 0-grapemimlp]
	assets:wallet:avax				-0.01963215000000007 AVAX
	assets:wallet:wine				0.003984467605662401 WINE
	assets:buckets:nodes_wine_claimable				9.36489657634744e-7 NODES_WINE_CLAIMABLE
	assets:buckets:vineyard_grape_mim_lp_wine_claimable				-0.003983561666191184 VINEYARD_GRAPE_MIM_LP_WINE_CLAIMABLE
	assets:buckets:vineyard_grape_wine_lp_wine_claimable				2.6683053839788966e-7 VINEYARD_GRAPE_WINE_LP_WINE_CLAIMABLE
	assets:buckets:vineyard_mim_wine_lp_wine_claimable				3.454153867190647e-7 VINEYARD_MIM_WINE_LP_WINE_CLAIMABLE
	assets:buckets:vineyard_grape_staked_wine_claimable				2.547895689188062e-7 VINEYARD_GRAPE_STAKED_WINE_CLAIMABLE


2022-06-14 grapefinance-vineyard.withdraw[pid 1-mimwinelp]
	assets:wallet:avax				-0.019634850000000093 AVAX
	assets:wallet:wine				0.0015017713290308987 WINE
	assets:buckets:nodes_wine_claimable				4.6824482881346885e-8 NODES_WINE_CLAIMABLE
	assets:buckets:vineyard_grape_mim_lp_wine_claimable				4.5296973512e-8 VINEYARD_GRAPE_MIM_LP_WINE_CLAIMABLE
	assets:buckets:vineyard_grape_wine_lp_wine_claimable				1.3341526920122165e-8 VINEYARD_GRAPE_WINE_LP_WINE_CLAIMABLE
	assets:buckets:vineyard_mim_wine_lp_wine_claimable				-0.001501754058261543 VINEYARD_MIM_WINE_LP_WINE_CLAIMABLE
	assets:buckets:vineyard_grape_staked_wine_claimable				1.2739478440909613e-8 VINEYARD_GRAPE_STAKED_WINE_CLAIMABLE


2022-06-14 grapefinance-vineyard.withdraw[pid 2-grapewinelp]
	assets:wallet:avax				-0.019634850000000093 AVAX
	assets:wallet:wine				0.0011836711795988886 WINE
	assets:buckets:nodes_wine_claimable				4.6824482881346885e-8 NODES_WINE_CLAIMABLE
	assets:buckets:vineyard_grape_mim_lp_wine_claimable				4.5296973568000005e-8 VINEYARD_GRAPE_MIM_LP_WINE_CLAIMABLE
	assets:buckets:vineyard_grape_wine_lp_wine_claimable				-0.001183657838071981 VINEYARD_GRAPE_WINE_LP_WINE_CLAIMABLE
	assets:buckets:vineyard_mim_wine_lp_wine_claimable				1.7270769336e-8 VINEYARD_MIM_WINE_LP_WINE_CLAIMABLE
	assets:buckets:vineyard_grape_staked_wine_claimable				1.2739478440909613e-8 VINEYARD_GRAPE_STAKED_WINE_CLAIMABLE


2022-06-14 grapefinance-winery.winery.claimReward
	assets:wallet:avax				-0.019068299999999816 AVAX
	assets:wallet:grape				2.754180396138814 GRAPE
	assets:buckets:nodes_wine_claimable				4.682448288221425e-8 NODES_WINE_CLAIMABLE
	assets:buckets:vineyard_grape_mim_lp_wine_claimable				4.5296973567999985e-8 VINEYARD_GRAPE_MIM_LP_WINE_CLAIMABLE
	assets:buckets:vineyard_grape_wine_lp_wine_claimable				1.3341526919e-8 VINEYARD_GRAPE_WINE_LP_WINE_CLAIMABLE
	assets:buckets:vineyard_mim_wine_lp_wine_claimable				1.7270769336e-8 VINEYARD_MIM_WINE_LP_WINE_CLAIMABLE
	assets:buckets:vineyard_grape_staked_wine_claimable				1.2739478440909613e-8 VINEYARD_GRAPE_STAKED_WINE_CLAIMABLE
	assets:buckets:winery_grape_claimable				-2.7541803961388154 WINERY_GRAPE_CLAIMABLE


2022-06-14 grapefinance-winenode.nodes_wine.claim
	assets:wallet:avax				-0.02560072499999988 AVAX
	assets:wallet:wine				0.004189974455556578 WINE
	assets:buckets:nodes_wine_claimable				-0.004189927631073692 NODES_WINE_CLAIMABLE
	assets:buckets:vineyard_grape_mim_lp_wine_claimable				4.529697356800001e-8 VINEYARD_GRAPE_MIM_LP_WINE_CLAIMABLE
	assets:buckets:vineyard_grape_wine_lp_wine_claimable				1.3341526919999999e-8 VINEYARD_GRAPE_WINE_LP_WINE_CLAIMABLE
	assets:buckets:vineyard_mim_wine_lp_wine_claimable				1.7270769336000003e-8 VINEYARD_MIM_WINE_LP_WINE_CLAIMABLE
	assets:buckets:vineyard_grape_staked_wine_claimable				1.2739478437440166e-8 VINEYARD_GRAPE_STAKED_WINE_CLAIMABLE


2022-06-14 nodeContract.approve
	assets:wallet:avax				-0.010401525000000245 AVAX
	assets:buckets:nodes_wine_claimable				4.6808172353e-8 NODES_WINE_CLAIMABLE
	assets:buckets:vineyard_grape_mim_lp_wine_claimable				4.529697356800001e-8 VINEYARD_GRAPE_MIM_LP_WINE_CLAIMABLE
	assets:buckets:vineyard_grape_wine_lp_wine_claimable				1.334152692e-8 VINEYARD_GRAPE_WINE_LP_WINE_CLAIMABLE
	assets:buckets:vineyard_mim_wine_lp_wine_claimable				1.7270769335999996e-8 VINEYARD_MIM_WINE_LP_WINE_CLAIMABLE
	assets:buckets:vineyard_grape_staked_wine_claimable				1.2739478482542976e-8 VINEYARD_GRAPE_STAKED_WINE_CLAIMABLE


2022-06-14 grapefinance-grapenode.create[nodeTier 0][numNodes 1]
	assets:wallet:avax				-0.04883152500000021 AVAX
	assets:wallet:grape				-50 GRAPE
	assets:buckets:nodes_grape				1 NODES_GRAPE
	assets:buckets:nodes_grape_claimable				0.003153393313809619 NODES_GRAPE_CLAIMABLE
	assets:buckets:nodes_wine_claimable				9.3616344707e-8 NODES_WINE_CLAIMABLE
	assets:buckets:vineyard_grape_mim_lp_wine_claimable				9.059394713600002e-8 VINEYARD_GRAPE_MIM_LP_WINE_CLAIMABLE
	assets:buckets:vineyard_grape_wine_lp_wine_claimable				2.668305384e-8 VINEYARD_GRAPE_WINE_LP_WINE_CLAIMABLE
	assets:buckets:vineyard_mim_wine_lp_wine_claimable				3.4541538672e-8 VINEYARD_MIM_WINE_LP_WINE_CLAIMABLE
	assets:buckets:vineyard_grape_staked_wine_claimable				2.5478956919983142e-8 VINEYARD_GRAPE_STAKED_WINE_CLAIMABLE


2022-06-14 grapefinance-vineyard.withdraw[pid 0-grapemimlp]
	assets:wallet:avax				-0.023130000000000095 AVAX
	assets:wallet:wine				3.6237578848741236e-7 WINE
	assets:wallet:grape_mim_lp				8.585108588893492 GRAPE_MIM_LP
	assets:buckets:nodes_grape_claimable				0.000015727647450421937 NODES_GRAPE_CLAIMABLE
	assets:buckets:nodes_wine_claimable				9.3616344707e-8 NODES_WINE_CLAIMABLE
	assets:buckets:vineyard_grape_mim_lp_staked				-8.58510858889349 VINEYARD_GRAPE_MIM_LP_STAKED
	assets:buckets:vineyard_grape_mim_lp_wine_claimable				-2.71781841352e-7 VINEYARD_GRAPE_MIM_LP_WINE_CLAIMABLE
	assets:buckets:vineyard_grape_wine_lp_wine_claimable				2.668305384e-8 VINEYARD_GRAPE_WINE_LP_WINE_CLAIMABLE
	assets:buckets:vineyard_mim_wine_lp_wine_claimable				3.454153867099999e-8 VINEYARD_MIM_WINE_LP_WINE_CLAIMABLE
	assets:buckets:vineyard_grape_staked_wine_claimable				2.5478956881819226e-8 VINEYARD_GRAPE_STAKED_WINE_CLAIMABLE


2022-06-14 approve traderjoe.removeLiquidity
	assets:wallet:avax				-0.010387349999999795 AVAX
	assets:buckets:nodes_grape_claimable				0.000007863823725211185 NODES_GRAPE_CLAIMABLE
	assets:buckets:nodes_wine_claimable				4.6808172352999995e-8 NODES_WINE_CLAIMABLE
	assets:buckets:vineyard_grape_mim_lp_wine_claimable				3.8353004685e-8 VINEYARD_GRAPE_MIM_LP_WINE_CLAIMABLE
	assets:buckets:vineyard_grape_wine_lp_wine_claimable				1.3341526919999994e-8 VINEYARD_GRAPE_WINE_LP_WINE_CLAIMABLE
	assets:buckets:vineyard_mim_wine_lp_wine_claimable				1.7270769337000004e-8 VINEYARD_MIM_WINE_LP_WINE_CLAIMABLE
	assets:buckets:vineyard_grape_staked_wine_claimable				1.2739478440909613e-8 VINEYARD_GRAPE_STAKED_WINE_CLAIMABLE


2022-06-14 traderjoe.removeLiquidity[LP grape-mim-lp]
	assets:wallet:avax				-0.04417964999999979 AVAX
	assets:wallet:mim				11.058687846433692 MIM
	assets:wallet:grape				10.338442708477908 GRAPE
	assets:wallet:grape_mim_lp				-8.585108588893492 GRAPE_MIM_LP
	assets:buckets:nodes_grape_claimable				0.000015727647450421937 NODES_GRAPE_CLAIMABLE
	assets:buckets:nodes_wine_claimable				9.361634470699999e-8 NODES_WINE_CLAIMABLE
	assets:buckets:vineyard_grape_mim_lp_wine_claimable				7.6706009417e-8 VINEYARD_GRAPE_MIM_LP_WINE_CLAIMABLE
	assets:buckets:vineyard_grape_wine_lp_wine_claimable				2.668305384e-8 VINEYARD_GRAPE_WINE_LP_WINE_CLAIMABLE
	assets:buckets:vineyard_mim_wine_lp_wine_claimable				3.4541538672000005e-8 VINEYARD_MIM_WINE_LP_WINE_CLAIMABLE
	assets:buckets:vineyard_grape_staked_wine_claimable				2.547895687834978e-8 VINEYARD_GRAPE_STAKED_WINE_CLAIMABLE


2022-06-14 approve traderjoe.swapExactTokensForTokens
	assets:wallet:avax				-0.006577875000000066 AVAX
	assets:buckets:nodes_grape_claimable				0.000007863823725211185 NODES_GRAPE_CLAIMABLE
	assets:buckets:nodes_wine_claimable				4.6808172352999995e-8 NODES_WINE_CLAIMABLE
	assets:buckets:vineyard_grape_mim_lp_wine_claimable				3.8353004732e-8 VINEYARD_GRAPE_MIM_LP_WINE_CLAIMABLE
	assets:buckets:vineyard_grape_wine_lp_wine_claimable				1.3341526920000007e-8 VINEYARD_GRAPE_WINE_LP_WINE_CLAIMABLE
	assets:buckets:vineyard_mim_wine_lp_wine_claimable				1.7270769337000004e-8 VINEYARD_MIM_WINE_LP_WINE_CLAIMABLE
	assets:buckets:vineyard_grape_staked_wine_claimable				1.2739478440909613e-8 VINEYARD_GRAPE_STAKED_WINE_CLAIMABLE


2022-06-14 traderjoe.swapExactTokensForTokens[tokenInAmount 22939942539938417809][tokenIn mim][tokenOut grape]
	assets:wallet:avax				-0.030133124999999872 AVAX
	assets:wallet:mim				-22.939942539938414 MIM
	assets:wallet:grape				21.381189538497694 GRAPE
	assets:buckets:nodes_grape_claimable				0.00001572764745042237 NODES_GRAPE_CLAIMABLE
	assets:buckets:nodes_wine_claimable				9.361634470700002e-8 NODES_WINE_CLAIMABLE
	assets:buckets:vineyard_grape_mim_lp_wine_claimable				7.670600946400001e-8 VINEYARD_GRAPE_MIM_LP_WINE_CLAIMABLE
	assets:buckets:vineyard_grape_wine_lp_wine_claimable				2.6683053839999988e-8 VINEYARD_GRAPE_WINE_LP_WINE_CLAIMABLE
	assets:buckets:vineyard_mim_wine_lp_wine_claimable				3.4541538672000005e-8 VINEYARD_MIM_WINE_LP_WINE_CLAIMABLE
	assets:buckets:vineyard_grape_staked_wine_claimable				2.5478956919983142e-8 VINEYARD_GRAPE_STAKED_WINE_CLAIMABLE


2022-06-14 traderjoe.addLiquidity
	assets:wallet:avax				-0.010406925000000289 AVAX
	assets:buckets:nodes_grape_claimable				0.000007863823725210752 NODES_GRAPE_CLAIMABLE
	assets:buckets:nodes_wine_claimable				4.6808172352999995e-8 NODES_WINE_CLAIMABLE
	assets:buckets:vineyard_grape_mim_lp_wine_claimable				3.8353004731999984e-8 VINEYARD_GRAPE_MIM_LP_WINE_CLAIMABLE
	assets:buckets:vineyard_grape_wine_lp_wine_claimable				1.3341526919000006e-8 VINEYARD_GRAPE_WINE_LP_WINE_CLAIMABLE
	assets:buckets:vineyard_mim_wine_lp_wine_claimable				1.7270769337000004e-8 VINEYARD_MIM_WINE_LP_WINE_CLAIMABLE
	assets:buckets:vineyard_grape_staked_wine_claimable				1.2739478440909613e-8 VINEYARD_GRAPE_STAKED_WINE_CLAIMABLE


2022-06-14 traderjoe.addLiquidity
	assets:wallet:avax				-0.020806199999999997 AVAX
	assets:buckets:nodes_grape_claimable				0.000015727647450421937 NODES_GRAPE_CLAIMABLE
	assets:buckets:nodes_wine_claimable				9.361634470699996e-8 NODES_WINE_CLAIMABLE
	assets:buckets:vineyard_grape_mim_lp_wine_claimable				7.670600941699999e-8 VINEYARD_GRAPE_MIM_LP_WINE_CLAIMABLE
	assets:buckets:vineyard_grape_wine_lp_wine_claimable				2.6683053839000013e-8 VINEYARD_GRAPE_WINE_LP_WINE_CLAIMABLE
	assets:buckets:vineyard_mim_wine_lp_wine_claimable				3.4541538672000005e-8 VINEYARD_MIM_WINE_LP_WINE_CLAIMABLE
	assets:buckets:vineyard_grape_staked_wine_claimable				2.5478956881819226e-8 VINEYARD_GRAPE_STAKED_WINE_CLAIMABLE


2022-06-14 traderjoe.addLiquidity[token1 grape][token2 wine][amount1 21510426756914618807][amount2 128844575543691442]
	assets:wallet:avax				-0.05579032500000025 AVAX
	assets:wallet:grape				-21.51042675691462 GRAPE
	assets:wallet:wine				-0.08707851315990497 WINE
	assets:wallet:grape_wine_lp				1.2545300434285778 GRAPE_WINE_LP
	assets:buckets:nodes_grape_claimable				0.000023591471175632688 NODES_GRAPE_CLAIMABLE
	assets:buckets:nodes_wine_claimable				1.4042451706e-7 NODES_WINE_CLAIMABLE
	assets:buckets:vineyard_grape_mim_lp_wine_claimable				1.15059014149e-7 VINEYARD_GRAPE_MIM_LP_WINE_CLAIMABLE
	assets:buckets:vineyard_grape_wine_lp_wine_claimable				4.002458075900002e-8 VINEYARD_GRAPE_WINE_LP_WINE_CLAIMABLE
	assets:buckets:vineyard_mim_wine_lp_wine_claimable				5.181230800899998e-8 VINEYARD_MIM_WINE_LP_WINE_CLAIMABLE
	assets:buckets:vineyard_grape_staked_wine_claimable				3.821843532272884e-8 VINEYARD_GRAPE_STAKED_WINE_CLAIMABLE


2022-06-14 approve grapefinance-vineyard.deposit
	assets:wallet:avax				-0.010387349999999795 AVAX
	assets:buckets:nodes_grape_claimable				0.000007863823725211185 NODES_GRAPE_CLAIMABLE
	assets:buckets:nodes_wine_claimable				4.680817235399997e-8 NODES_WINE_CLAIMABLE
	assets:buckets:vineyard_grape_mim_lp_wine_claimable				3.835300473200001e-8 VINEYARD_GRAPE_MIM_LP_WINE_CLAIMABLE
	assets:buckets:vineyard_grape_wine_lp_wine_claimable				1.3341526919999981e-8 VINEYARD_GRAPE_WINE_LP_WINE_CLAIMABLE
	assets:buckets:vineyard_mim_wine_lp_wine_claimable				1.7270769335000027e-8 VINEYARD_MIM_WINE_LP_WINE_CLAIMABLE
	assets:buckets:vineyard_grape_staked_wine_claimable				1.2739478437440166e-8 VINEYARD_GRAPE_STAKED_WINE_CLAIMABLE


2022-06-14 grapefinance-vineyard.deposit[LP grape-wine-lp]
	assets:wallet:avax				-0.03376057500000007 AVAX
	assets:wallet:wine				2.0012290380400088e-7 WINE
	assets:wallet:grape_wine_lp				-1.3060089825067918 GRAPE_WINE_LP
	assets:buckets:nodes_grape_claimable				0.00001572764745042237 NODES_GRAPE_CLAIMABLE
	assets:buckets:nodes_wine_claimable				9.361634470700002e-8 NODES_WINE_CLAIMABLE
	assets:buckets:vineyard_grape_mim_lp_wine_claimable				7.670600946399997e-8 VINEYARD_GRAPE_MIM_LP_WINE_CLAIMABLE
	assets:buckets:vineyard_grape_wine_lp_staked				1.3060089825067918 VINEYARD_GRAPE_WINE_LP_STAKED
	assets:buckets:vineyard_grape_wine_lp_wine_claimable				-1.73439849958e-7 VINEYARD_GRAPE_WINE_LP_WINE_CLAIMABLE
	assets:buckets:vineyard_mim_wine_lp_wine_claimable				3.4541538672000005e-8 VINEYARD_MIM_WINE_LP_WINE_CLAIMABLE
	assets:buckets:vineyard_grape_staked_wine_claimable				2.547895687834978e-8 VINEYARD_GRAPE_STAKED_WINE_CLAIMABLE


2022-06-14 traderjoe.addLiquidity
	assets:wallet:avax				-0.006577874999999622 AVAX
	assets:buckets:nodes_grape_claimable				0.000007863823725210752 NODES_GRAPE_CLAIMABLE
	assets:buckets:nodes_wine_claimable				4.680817235399997e-8 NODES_WINE_CLAIMABLE
	assets:buckets:vineyard_grape_mim_lp_wine_claimable				3.835300473200001e-8 VINEYARD_GRAPE_MIM_LP_WINE_CLAIMABLE
	assets:buckets:vineyard_grape_wine_lp_wine_claimable				3.0751977429e-8 VINEYARD_GRAPE_WINE_LP_WINE_CLAIMABLE
	assets:buckets:vineyard_mim_wine_lp_wine_claimable				1.7270769335000027e-8 VINEYARD_MIM_WINE_LP_WINE_CLAIMABLE
	assets:buckets:vineyard_grape_staked_wine_claimable				1.2739478440909613e-8 VINEYARD_GRAPE_STAKED_WINE_CLAIMABLE


2022-06-14 traderjoe.addLiquidity
	assets:wallet:avax				-0.01312964999999977 AVAX
	assets:buckets:nodes_grape_claimable				0.000015727647450421937 NODES_GRAPE_CLAIMABLE
	assets:buckets:nodes_wine_claimable				9.361634470699991e-8 NODES_WINE_CLAIMABLE
	assets:buckets:vineyard_grape_mim_lp_wine_claimable				7.670600946400002e-8 VINEYARD_GRAPE_MIM_LP_WINE_CLAIMABLE
	assets:buckets:vineyard_grape_wine_lp_wine_claimable				6.1503954861e-8 VINEYARD_GRAPE_WINE_LP_WINE_CLAIMABLE
	assets:buckets:vineyard_mim_wine_lp_wine_claimable				3.4541538672000005e-8 VINEYARD_MIM_WINE_LP_WINE_CLAIMABLE
	assets:buckets:vineyard_grape_staked_wine_claimable				2.5478956919983142e-8 VINEYARD_GRAPE_STAKED_WINE_CLAIMABLE


2022-06-14 traderjoe.addLiquidity[token1 mim][token2 wine][amount1 33656877903954658393][amount2 128844575543691442]
	assets:wallet:avax				-0.04821682499999991 AVAX
	assets:wallet:mim				-33.65687790395466 MIM
	assets:wallet:wine				-0.12834715260076163 WINE
	assets:wallet:mim_wine_lp				1.7360163938792017 MIM_WINE_LP
	assets:buckets:nodes_grape_claimable				0.000023591471175632688 NODES_GRAPE_CLAIMABLE
	assets:buckets:nodes_wine_claimable				1.40424517061e-7 NODES_WINE_CLAIMABLE
	assets:buckets:vineyard_grape_mim_lp_wine_claimable				1.1505901414900003e-7 VINEYARD_GRAPE_MIM_LP_WINE_CLAIMABLE
	assets:buckets:vineyard_grape_wine_lp_wine_claimable				9.2255932293e-8 VINEYARD_GRAPE_WINE_LP_WINE_CLAIMABLE
	assets:buckets:vineyard_mim_wine_lp_wine_claimable				5.181230800700003e-8 VINEYARD_MIM_WINE_LP_WINE_CLAIMABLE
	assets:buckets:vineyard_grape_staked_wine_claimable				3.8218435360892755e-8 VINEYARD_GRAPE_STAKED_WINE_CLAIMABLE


2022-06-14 approve grapefinance-vineyard.deposit
	assets:wallet:avax				-0.010387349999999795 AVAX
	assets:buckets:nodes_grape_claimable				0.000007863823725211185 NODES_GRAPE_CLAIMABLE
	assets:buckets:nodes_wine_claimable				4.680817235299994e-8 NODES_WINE_CLAIMABLE
	assets:buckets:vineyard_grape_mim_lp_wine_claimable				3.835300473200001e-8 VINEYARD_GRAPE_MIM_LP_WINE_CLAIMABLE
	assets:buckets:vineyard_grape_wine_lp_wine_claimable				3.0751977432000004e-8 VINEYARD_GRAPE_WINE_LP_WINE_CLAIMABLE
	assets:buckets:vineyard_mim_wine_lp_wine_claimable				1.7270769336000003e-8 VINEYARD_MIM_WINE_LP_WINE_CLAIMABLE
	assets:buckets:vineyard_grape_staked_wine_claimable				1.2739478440909613e-8 VINEYARD_GRAPE_STAKED_WINE_CLAIMABLE


2022-06-14 grapefinance-vineyard.deposit[LP mim-wine-lp]
	assets:wallet:avax				-0.03376057500000007 AVAX
	assets:wallet:wine				3.626861560523942e-7 WINE
	assets:wallet:mim_wine_lp				-1.7592325035920602 MIM_WINE_LP
	assets:buckets:nodes_grape_claimable				0.000015727647450421937 NODES_GRAPE_CLAIMABLE
	assets:buckets:nodes_wine_claimable				9.361634470700002e-8 NODES_WINE_CLAIMABLE
	assets:buckets:vineyard_grape_mim_lp_wine_claimable				7.670600946399997e-8 VINEYARD_GRAPE_MIM_LP_WINE_CLAIMABLE
	assets:buckets:vineyard_grape_wine_lp_wine_claimable				6.1503954864e-8 VINEYARD_GRAPE_WINE_LP_WINE_CLAIMABLE
	assets:buckets:vineyard_mim_wine_lp_staked				1.7592325035920602 VINEYARD_MIM_WINE_LP_STAKED
	assets:buckets:vineyard_mim_wine_lp_wine_claimable				-3.28144617383e-7 VINEYARD_MIM_WINE_LP_WINE_CLAIMABLE
	assets:buckets:vineyard_grape_staked_wine_claimable				2.547895687834978e-8 VINEYARD_GRAPE_STAKED_WINE_CLAIMABLE


2022-06-14 grapefinance-winery.winery.claimReward
	assets:wallet:avax				-0.01906830000000026 AVAX
	assets:wallet:grape				2.754180396138814 GRAPE
	assets:buckets:nodes_wine_claimable				0.0000014037911521347715 NODES_WINE_CLAIMABLE
	assets:buckets:vineyard_grape_mim_lp_wine_claimable				0.000001358830867576044 VINEYARD_GRAPE_MIM_LP_WINE_CLAIMABLE
	assets:buckets:vineyard_grape_wine_lp_wine_claimable				4.002458075969429e-7 VINEYARD_GRAPE_WINE_LP_WINE_CLAIMABLE
	assets:buckets:vineyard_mim_wine_lp_wine_claimable				5.181230800790308e-7 VINEYARD_MIM_WINE_LP_WINE_CLAIMABLE
	assets:buckets:vineyard_grape_staked_wine_claimable				3.8218167040110496e-7 VINEYARD_GRAPE_STAKED_WINE_CLAIMABLE
	assets:buckets:winery_grape_claimable				-2.7541803961388154 WINERY_GRAPE_CLAIMABLE


2022-06-14 grapefinance-winery.winery.claimReward
	assets:wallet:avax				-0.01906830000000026 AVAX
	assets:wallet:grape				2.754180396138814 GRAPE
	assets:buckets:nodes_wine_claimable				9.358607680901368e-7 NODES_WINE_CLAIMABLE
	assets:buckets:vineyard_grape_mim_lp_wine_claimable				9.058872450324815e-7 VINEYARD_GRAPE_MIM_LP_WINE_CLAIMABLE
	assets:buckets:vineyard_grape_wine_lp_wine_claimable				2.668305383981065e-7 VINEYARD_GRAPE_WINE_LP_WINE_CLAIMABLE
	assets:buckets:vineyard_mim_wine_lp_wine_claimable				3.454153867190647e-7 VINEYARD_MIM_WINE_LP_WINE_CLAIMABLE
	assets:buckets:vineyard_grape_staked_wine_claimable				2.5478778023849125e-7 VINEYARD_GRAPE_STAKED_WINE_CLAIMABLE
	assets:buckets:winery_grape_claimable				-2.7541803961388154 WINERY_GRAPE_CLAIMABLE


2022-06-14 grapefinance-vineyard.withdraw[pid 0-grapemimlp]
	assets:wallet:avax				-0.019632149999999626 AVAX
	assets:wallet:wine				0.004018847447872453 WINE
	assets:buckets:nodes_wine_claimable				0.000001356998113730655 NODES_WINE_CLAIMABLE
	assets:buckets:vineyard_grape_mim_lp_wine_claimable				-0.004017533911367032 VINEYARD_GRAPE_MIM_LP_WINE_CLAIMABLE
	assets:buckets:vineyard_grape_wine_lp_wine_claimable				3.8690428067790494e-7 VINEYARD_GRAPE_WINE_LP_WINE_CLAIMABLE
	assets:buckets:vineyard_mim_wine_lp_wine_claimable				5.008523107439666e-7 VINEYARD_MIM_WINE_LP_WINE_CLAIMABLE
	assets:buckets:vineyard_grape_staked_wine_claimable				3.694422813609044e-7 VINEYARD_GRAPE_STAKED_WINE_CLAIMABLE


2022-06-14 grapefinance-vineyard.withdraw[pid 1-mimwinelp]
	assets:wallet:avax				-0.019634850000000093 AVAX
	assets:wallet:wine				0.00151487984295684 WINE
	assets:buckets:nodes_wine_claimable				4.679303840411653e-8 NODES_WINE_CLAIMABLE
	assets:buckets:vineyard_grape_mim_lp_wine_claimable				4.5294362232e-8 VINEYARD_GRAPE_MIM_LP_WINE_CLAIMABLE
	assets:buckets:vineyard_grape_wine_lp_wine_claimable				1.3341526920122165e-8 VINEYARD_GRAPE_WINE_LP_WINE_CLAIMABLE
	assets:buckets:vineyard_mim_wine_lp_wine_claimable				-0.001514862572187552 VINEYARD_MIM_WINE_LP_WINE_CLAIMABLE
	assets:buckets:vineyard_grape_staked_wine_claimable				1.2739389040200555e-8 VINEYARD_GRAPE_STAKED_WINE_CLAIMABLE


2022-06-14 grapefinance-vineyard.withdraw[pid 2-grapewinelp]
	assets:wallet:avax				-0.019634850000000093 AVAX
	assets:wallet:wine				0.001193797398531149 WINE
	assets:buckets:nodes_wine_claimable				4.679303840498389e-8 NODES_WINE_CLAIMABLE
	assets:buckets:vineyard_grape_mim_lp_wine_claimable				4.5294362232e-8 VINEYARD_GRAPE_MIM_LP_WINE_CLAIMABLE
	assets:buckets:vineyard_grape_wine_lp_wine_claimable				-0.00119378405700419 VINEYARD_GRAPE_WINE_LP_WINE_CLAIMABLE
	assets:buckets:vineyard_mim_wine_lp_wine_claimable				1.7270769336e-8 VINEYARD_MIM_WINE_LP_WINE_CLAIMABLE
	assets:buckets:vineyard_grape_staked_wine_claimable				1.2739388998567192e-8 VINEYARD_GRAPE_STAKED_WINE_CLAIMABLE


2022-06-14 grapefinance-winenode.nodes_wine.claim
	assets:wallet:avax				-0.02560072499999988 AVAX
	assets:wallet:wine				0.004225448618590533 WINE
	assets:buckets:nodes_wine_claimable				-0.004225401825552147 NODES_WINE_CLAIMABLE
	assets:buckets:vineyard_grape_mim_lp_wine_claimable				4.5294362288e-8 VINEYARD_GRAPE_MIM_LP_WINE_CLAIMABLE
	assets:buckets:vineyard_grape_wine_lp_wine_claimable				1.3341526919e-8 VINEYARD_GRAPE_WINE_LP_WINE_CLAIMABLE
	assets:buckets:vineyard_mim_wine_lp_wine_claimable				1.7270769336e-8 VINEYARD_MIM_WINE_LP_WINE_CLAIMABLE
	assets:buckets:vineyard_grape_staked_wine_claimable				1.2739389002036638e-8 VINEYARD_GRAPE_STAKED_WINE_CLAIMABLE


2022-06-14 nodeContract.approve
	assets:wallet:avax				-0.010401525000000245 AVAX
	assets:buckets:nodes_wine_claimable				4.677861055e-8 NODES_WINE_CLAIMABLE
	assets:buckets:vineyard_grape_mim_lp_wine_claimable				4.529436223199999e-8 VINEYARD_GRAPE_MIM_LP_WINE_CLAIMABLE
	assets:buckets:vineyard_grape_wine_lp_wine_claimable				1.3341526919999999e-8 VINEYARD_GRAPE_WINE_LP_WINE_CLAIMABLE
	assets:buckets:vineyard_mim_wine_lp_wine_claimable				1.7270769335e-8 VINEYARD_MIM_WINE_LP_WINE_CLAIMABLE
	assets:buckets:vineyard_grape_staked_wine_claimable				1.2739389040200555e-8 VINEYARD_GRAPE_STAKED_WINE_CLAIMABLE


2022-06-14 grapefinance-grapenode.create[nodeTier 0][numNodes 1]
	assets:wallet:avax				-0.04883152500000021 AVAX
	assets:wallet:grape				-50 GRAPE
	assets:buckets:nodes_grape				1 NODES_GRAPE
	assets:buckets:nodes_grape_claimable				0.000644425133638911 NODES_GRAPE_CLAIMABLE
	assets:buckets:nodes_wine_claimable				9.3557221101e-8 NODES_WINE_CLAIMABLE
	assets:buckets:vineyard_grape_mim_lp_wine_claimable				9.058872446400001e-8 VINEYARD_GRAPE_MIM_LP_WINE_CLAIMABLE
	assets:buckets:vineyard_grape_wine_lp_wine_claimable				2.668305384e-8 VINEYARD_GRAPE_WINE_LP_WINE_CLAIMABLE
	assets:buckets:vineyard_mim_wine_lp_wine_claimable				3.4541538672e-8 VINEYARD_MIM_WINE_LP_WINE_CLAIMABLE
	assets:buckets:vineyard_grape_staked_wine_claimable				2.5478778038767746e-8 VINEYARD_GRAPE_STAKED_WINE_CLAIMABLE


2022-06-14 grapefinance-vineyard.withdraw[pid 0-grapemimlp]
	assets:wallet:avax				-0.023130000000000095 AVAX
	assets:wallet:wine				3.1706053571500803e-7 WINE
	assets:wallet:grape_mim_lp				8.575638789866137 GRAPE_MIM_LP
	assets:buckets:nodes_grape_claimable				0.000015717686186313986 NODES_GRAPE_CLAIMABLE
	assets:buckets:nodes_wine_claimable				9.3557221102e-8 NODES_WINE_CLAIMABLE
	assets:buckets:vineyard_grape_mim_lp_staked				-8.57563878986614 VINEYARD_GRAPE_MIM_LP_STAKED
	assets:buckets:vineyard_grape_mim_lp_wine_claimable				-2.26471811216e-7 VINEYARD_GRAPE_MIM_LP_WINE_CLAIMABLE
	assets:buckets:vineyard_grape_wine_lp_wine_claimable				2.6683053839999995e-8 VINEYARD_GRAPE_WINE_LP_WINE_CLAIMABLE
	assets:buckets:vineyard_mim_wine_lp_wine_claimable				3.4541538672000005e-8 VINEYARD_MIM_WINE_LP_WINE_CLAIMABLE
	assets:buckets:vineyard_grape_staked_wine_claimable				2.547877800060383e-8 VINEYARD_GRAPE_STAKED_WINE_CLAIMABLE


2022-06-14 approve traderjoe.removeLiquidity
	assets:wallet:avax				-0.010387349999999795 AVAX
	assets:buckets:nodes_grape_claimable				0.000007858843093158023 NODES_GRAPE_CLAIMABLE
	assets:buckets:nodes_wine_claimable				4.6778610551e-8 NODES_WINE_CLAIMABLE
	assets:buckets:vineyard_grape_mim_lp_wine_claimable				3.8358452847e-8 VINEYARD_GRAPE_MIM_LP_WINE_CLAIMABLE
	assets:buckets:vineyard_grape_wine_lp_wine_claimable				1.3341526920000007e-8 VINEYARD_GRAPE_WINE_LP_WINE_CLAIMABLE
	assets:buckets:vineyard_mim_wine_lp_wine_claimable				1.7270769334999988e-8 VINEYARD_MIM_WINE_LP_WINE_CLAIMABLE
	assets:buckets:vineyard_grape_staked_wine_claimable				1.2739389040200555e-8 VINEYARD_GRAPE_STAKED_WINE_CLAIMABLE


2022-06-14 traderjoe.removeLiquidity[LP grape-mim-lp]
	assets:wallet:avax				-0.04243117499999993 AVAX
	assets:wallet:mim				11.044680660640722 MIM
	assets:wallet:grape				10.328735944187313 GRAPE
	assets:wallet:grape_mim_lp				-8.575638789866137 GRAPE_MIM_LP
	assets:buckets:nodes_grape_claimable				0.00001571768618631496 NODES_GRAPE_CLAIMABLE
	assets:buckets:nodes_wine_claimable				9.355722110199998e-8 NODES_WINE_CLAIMABLE
	assets:buckets:vineyard_grape_mim_lp_wine_claimable				7.6716905695e-8 VINEYARD_GRAPE_MIM_LP_WINE_CLAIMABLE
	assets:buckets:vineyard_grape_wine_lp_wine_claimable				2.668305384e-8 VINEYARD_GRAPE_WINE_LP_WINE_CLAIMABLE
	assets:buckets:vineyard_mim_wine_lp_wine_claimable				3.454153867199999e-8 VINEYARD_MIM_WINE_LP_WINE_CLAIMABLE
	assets:buckets:vineyard_grape_staked_wine_claimable				2.5478778038767746e-8 VINEYARD_GRAPE_STAKED_WINE_CLAIMABLE


2022-06-14 approve traderjoe.swapExactTokensForTokens
	assets:wallet:avax				-0.006577875000000066 AVAX
	assets:buckets:nodes_grape_claimable				0.000007858843093158023 NODES_GRAPE_CLAIMABLE
	assets:buckets:nodes_wine_claimable				4.6778610551e-8 NODES_WINE_CLAIMABLE
	assets:buckets:vineyard_grape_mim_lp_wine_claimable				3.8358452896000005e-8 VINEYARD_GRAPE_MIM_LP_WINE_CLAIMABLE
	assets:buckets:vineyard_grape_wine_lp_wine_claimable				1.3341526920000007e-8 VINEYARD_GRAPE_WINE_LP_WINE_CLAIMABLE
	assets:buckets:vineyard_mim_wine_lp_wine_claimable				1.7270769335e-8 VINEYARD_MIM_WINE_LP_WINE_CLAIMABLE
	assets:buckets:vineyard_grape_staked_wine_claimable				1.2739389002036638e-8 VINEYARD_GRAPE_STAKED_WINE_CLAIMABLE


2022-06-14 traderjoe.swapExactTokensForTokens[tokenInAmount 22935150705157852258][tokenIn mim][tokenOut grape]
	assets:wallet:avax				-0.030133124999999872 AVAX
	assets:wallet:mim				-22.935150705157852 MIM
	assets:wallet:grape				21.38373786437057 GRAPE
	assets:buckets:nodes_grape_claimable				0.00001571768618631496 NODES_GRAPE_CLAIMABLE
	assets:buckets:nodes_wine_claimable				9.3557221102e-8 NODES_WINE_CLAIMABLE
	assets:buckets:vineyard_grape_mim_lp_wine_claimable				7.6716905743e-8 VINEYARD_GRAPE_MIM_LP_WINE_CLAIMABLE
	assets:buckets:vineyard_grape_wine_lp_wine_claimable				2.6683053840000015e-8 VINEYARD_GRAPE_WINE_LP_WINE_CLAIMABLE
	assets:buckets:vineyard_mim_wine_lp_wine_claimable				3.4541538672000005e-8 VINEYARD_MIM_WINE_LP_WINE_CLAIMABLE
	assets:buckets:vineyard_grape_staked_wine_claimable				2.5478778038767746e-8 VINEYARD_GRAPE_STAKED_WINE_CLAIMABLE


2022-06-14 traderjoe.addLiquidity
	assets:wallet:avax				-0.010406924999999845 AVAX
	assets:buckets:nodes_grape_claimable				0.000007858843093158023 NODES_GRAPE_CLAIMABLE
	assets:buckets:nodes_wine_claimable				4.6778610551e-8 NODES_WINE_CLAIMABLE
	assets:buckets:vineyard_grape_mim_lp_wine_claimable				3.8358452896000005e-8 VINEYARD_GRAPE_MIM_LP_WINE_CLAIMABLE
	assets:buckets:vineyard_grape_wine_lp_wine_claimable				1.3341526919999981e-8 VINEYARD_GRAPE_WINE_LP_WINE_CLAIMABLE
	assets:buckets:vineyard_mim_wine_lp_wine_claimable				1.7270769335e-8 VINEYARD_MIM_WINE_LP_WINE_CLAIMABLE
	assets:buckets:vineyard_grape_staked_wine_claimable				1.2739389002036638e-8 VINEYARD_GRAPE_STAKED_WINE_CLAIMABLE


2022-06-14 traderjoe.addLiquidity
	assets:wallet:avax				-0.020806199999999997 AVAX
	assets:buckets:nodes_grape_claimable				0.00001571768618631507 NODES_GRAPE_CLAIMABLE
	assets:buckets:nodes_wine_claimable				9.3557221102e-8 NODES_WINE_CLAIMABLE
	assets:buckets:vineyard_grape_mim_lp_wine_claimable				7.6716905743e-8 VINEYARD_GRAPE_MIM_LP_WINE_CLAIMABLE
	assets:buckets:vineyard_grape_wine_lp_wine_claimable				2.6683053838999986e-8 VINEYARD_GRAPE_WINE_LP_WINE_CLAIMABLE
	assets:buckets:vineyard_mim_wine_lp_wine_claimable				3.4541538672000005e-8 VINEYARD_MIM_WINE_LP_WINE_CLAIMABLE
	assets:buckets:vineyard_grape_staked_wine_claimable				2.547877800060383e-8 VINEYARD_GRAPE_STAKED_WINE_CLAIMABLE


2022-06-14 traderjoe.addLiquidity[token1 grape][token2 wine][amount1 21512990446019450985][amount2 128891119912742547]
	assets:wallet:avax				-0.05579032499999981 AVAX
	assets:wallet:grape				-21.51299044601945 GRAPE
	assets:wallet:wine				-0.08708889148656376 WINE
	assets:wallet:grape_wine_lp				1.2546795627775134 GRAPE_WINE_LP
	assets:buckets:nodes_grape_claimable				0.000023576529279473093 NODES_GRAPE_CLAIMABLE
	assets:buckets:nodes_wine_claimable				1.4033583165300006e-7 NODES_WINE_CLAIMABLE
	assets:buckets:vineyard_grape_mim_lp_wine_claimable				1.15075358591e-7 VINEYARD_GRAPE_MIM_LP_WINE_CLAIMABLE
	assets:buckets:vineyard_grape_wine_lp_wine_claimable				4.0024580758999994e-8 VINEYARD_GRAPE_WINE_LP_WINE_CLAIMABLE
	assets:buckets:vineyard_mim_wine_lp_wine_claimable				5.1812308007000006e-8 VINEYARD_MIM_WINE_LP_WINE_CLAIMABLE
	assets:buckets:vineyard_grape_staked_wine_claimable				3.8218167040804385e-8 VINEYARD_GRAPE_STAKED_WINE_CLAIMABLE


2022-06-14 approve grapefinance-vineyard.deposit
	assets:wallet:avax				-0.01038735000000024 AVAX
	assets:buckets:nodes_grape_claimable				0.000007858843093156939 NODES_GRAPE_CLAIMABLE
	assets:buckets:nodes_wine_claimable				4.677861055099995e-8 NODES_WINE_CLAIMABLE
	assets:buckets:vineyard_grape_mim_lp_wine_claimable				3.835845289500003e-8 VINEYARD_GRAPE_MIM_LP_WINE_CLAIMABLE
	assets:buckets:vineyard_grape_wine_lp_wine_claimable				1.3341526920000007e-8 VINEYARD_GRAPE_WINE_LP_WINE_CLAIMABLE
	assets:buckets:vineyard_mim_wine_lp_wine_claimable				1.7270769336999978e-8 VINEYARD_MIM_WINE_LP_WINE_CLAIMABLE
	assets:buckets:vineyard_grape_staked_wine_claimable				1.2739389002036638e-8 VINEYARD_GRAPE_STAKED_WINE_CLAIMABLE


2022-06-14 grapefinance-vineyard.deposit[LP grape-wine-lp]
	assets:wallet:avax				-0.03376057500000007 AVAX
	assets:wallet:wine				1.8678137689298602e-7 WINE
	assets:wallet:grape_wine_lp				-1.306158427096053 GRAPE_WINE_LP
	assets:buckets:nodes_grape_claimable				0.00001571768618631496 NODES_GRAPE_CLAIMABLE
	assets:buckets:nodes_wine_claimable				9.3557221102e-8 NODES_WINE_CLAIMABLE
	assets:buckets:vineyard_grape_mim_lp_wine_claimable				7.6716905743e-8 VINEYARD_GRAPE_MIM_LP_WINE_CLAIMABLE
	assets:buckets:vineyard_grape_wine_lp_staked				1.3061584270960531 VINEYARD_GRAPE_WINE_LP_STAKED
	assets:buckets:vineyard_grape_wine_lp_wine_claimable				-1.60098323038e-7 VINEYARD_GRAPE_WINE_LP_WINE_CLAIMABLE
	assets:buckets:vineyard_mim_wine_lp_wine_claimable				3.4541538672000005e-8 VINEYARD_MIM_WINE_LP_WINE_CLAIMABLE
	assets:buckets:vineyard_grape_staked_wine_claimable				2.547877800060383e-8 VINEYARD_GRAPE_STAKED_WINE_CLAIMABLE


2022-06-14 traderjoe.addLiquidity
	assets:wallet:avax				-0.006577875000000066 AVAX
	assets:buckets:nodes_grape_claimable				0.000007858843093157047 NODES_GRAPE_CLAIMABLE
	assets:buckets:nodes_wine_claimable				4.677861055099995e-8 NODES_WINE_CLAIMABLE
	assets:buckets:vineyard_grape_mim_lp_wine_claimable				3.835845289500003e-8 VINEYARD_GRAPE_MIM_LP_WINE_CLAIMABLE
	assets:buckets:vineyard_grape_wine_lp_wine_claimable				3.0753968794e-8 VINEYARD_GRAPE_WINE_LP_WINE_CLAIMABLE
	assets:buckets:vineyard_mim_wine_lp_wine_claimable				1.7270769336000003e-8 VINEYARD_MIM_WINE_LP_WINE_CLAIMABLE
	assets:buckets:vineyard_grape_staked_wine_claimable				1.2739389040200555e-8 VINEYARD_GRAPE_STAKED_WINE_CLAIMABLE


2022-06-14 traderjoe.addLiquidity
	assets:wallet:avax				-0.013129650000000215 AVAX
	assets:buckets:nodes_grape_claimable				0.000015717686186313986 NODES_GRAPE_CLAIMABLE
	assets:buckets:nodes_wine_claimable				9.3557221102e-8 NODES_WINE_CLAIMABLE
	assets:buckets:vineyard_grape_mim_lp_wine_claimable				7.6716905743e-8 VINEYARD_GRAPE_MIM_LP_WINE_CLAIMABLE
	assets:buckets:vineyard_grape_wine_lp_wine_claimable				6.1507937589e-8 VINEYARD_GRAPE_WINE_LP_WINE_CLAIMABLE
	assets:buckets:vineyard_mim_wine_lp_wine_claimable				3.4541538672000005e-8 VINEYARD_MIM_WINE_LP_WINE_CLAIMABLE
	assets:buckets:vineyard_grape_staked_wine_claimable				2.5478778038767746e-8 VINEYARD_GRAPE_STAKED_WINE_CLAIMABLE


2022-06-14 traderjoe.addLiquidity[token1 mim][token2 wine][amount1 33648570587050883773][amount2 128891119912742547]
	assets:wallet:avax				-0.04821682499999991 AVAX
	assets:wallet:mim				-33.648570587050884 MIM
	assets:wallet:wine				-0.1283935510339166 WINE
	assets:wallet:mim_wine_lp				1.7361151988389079 MIM_WINE_LP
	assets:buckets:nodes_grape_claimable				0.00002357652927947201 NODES_GRAPE_CLAIMABLE
	assets:buckets:nodes_wine_claimable				1.4033583165299995e-7 NODES_WINE_CLAIMABLE
	assets:buckets:vineyard_grape_mim_lp_wine_claimable				1.1507535859100003e-7 VINEYARD_GRAPE_MIM_LP_WINE_CLAIMABLE
	assets:buckets:vineyard_grape_wine_lp_wine_claimable				9.2261906384e-8 VINEYARD_GRAPE_WINE_LP_WINE_CLAIMABLE
	assets:buckets:vineyard_mim_wine_lp_wine_claimable				5.181230800800001e-8 VINEYARD_MIM_WINE_LP_WINE_CLAIMABLE
	assets:buckets:vineyard_grape_staked_wine_claimable				3.8218167040804385e-8 VINEYARD_GRAPE_STAKED_WINE_CLAIMABLE


2022-06-14 approve grapefinance-vineyard.deposit
	assets:wallet:avax				-0.01038735000000024 AVAX
	assets:buckets:nodes_grape_claimable				0.000007858843093156939 NODES_GRAPE_CLAIMABLE
	assets:buckets:nodes_wine_claimable				4.6778610551000054e-8 NODES_WINE_CLAIMABLE
	assets:buckets:vineyard_grape_mim_lp_wine_claimable				3.835845289500003e-8 VINEYARD_GRAPE_MIM_LP_WINE_CLAIMABLE
	assets:buckets:vineyard_grape_wine_lp_wine_claimable				3.0753968795999995e-8 VINEYARD_GRAPE_WINE_LP_WINE_CLAIMABLE
	assets:buckets:vineyard_mim_wine_lp_wine_claimable				1.7270769336000003e-8 VINEYARD_MIM_WINE_LP_WINE_CLAIMABLE
	assets:buckets:vineyard_grape_staked_wine_claimable				1.2739389040200555e-8 VINEYARD_GRAPE_STAKED_WINE_CLAIMABLE


2022-06-14 grapefinance-vineyard.deposit[LP mim-wine-lp]
	assets:wallet:avax				-0.03376057500000007 AVAX
	assets:wallet:wine				3.454153867168963e-7 WINE
	assets:wallet:mim_wine_lp				-1.7593312591492865 MIM_WINE_LP
	assets:buckets:nodes_grape_claimable				0.00001571768618631496 NODES_GRAPE_CLAIMABLE
	assets:buckets:nodes_wine_claimable				9.3557221102e-8 NODES_WINE_CLAIMABLE
	assets:buckets:vineyard_grape_mim_lp_wine_claimable				7.671690574299995e-8 VINEYARD_GRAPE_MIM_LP_WINE_CLAIMABLE
	assets:buckets:vineyard_grape_wine_lp_wine_claimable				6.1507937591e-8 VINEYARD_GRAPE_WINE_LP_WINE_CLAIMABLE
	assets:buckets:vineyard_mim_wine_lp_staked				1.7593312591492862 VINEYARD_MIM_WINE_LP_STAKED
	assets:buckets:vineyard_mim_wine_lp_wine_claimable				-3.10873848047e-7 VINEYARD_MIM_WINE_LP_WINE_CLAIMABLE
	assets:buckets:vineyard_grape_staked_wine_claimable				2.5478778038767746e-8 VINEYARD_GRAPE_STAKED_WINE_CLAIMABLE


2022-06-14 grapefinance-vineyard.withdraw[pid 0-grapemimlp]
	assets:wallet:avax				-0.01963215000000007 AVAX
	assets:wallet:wine				0.004028132792134376 WINE
	assets:buckets:nodes_wine_claimable				0.00000112269975527466 NODES_WINE_CLAIMABLE
	assets:buckets:vineyard_grape_mim_lp_wine_claimable				-0.004027045727440288 VINEYARD_GRAPE_MIM_LP_WINE_CLAIMABLE
	assets:buckets:vineyard_grape_wine_lp_wine_claimable				3.201966460770773e-7 VINEYARD_GRAPE_WINE_LP_WINE_CLAIMABLE
	assets:buckets:vineyard_mim_wine_lp_wine_claimable				4.144114861129918e-7 VINEYARD_MIM_WINE_LP_WINE_CLAIMABLE
	assets:buckets:vineyard_grape_staked_wine_claimable				3.057266600402231e-7 VINEYARD_GRAPE_STAKED_WINE_CLAIMABLE


2022-06-14 grapefinance-vineyard.withdraw[pid 1-mimwinelp]
	assets:wallet:avax				-0.019634850000000093 AVAX
	assets:wallet:wine				0.0015184197237047004 WINE
	assets:buckets:nodes_wine_claimable				4.677915646945224e-8 NODES_WINE_CLAIMABLE
	assets:buckets:vineyard_grape_mim_lp_wine_claimable				4.5294362232e-8 VINEYARD_GRAPE_MIM_LP_WINE_CLAIMABLE
	assets:buckets:vineyard_grape_wine_lp_wine_claimable				1.3341526919905325e-8 VINEYARD_GRAPE_WINE_LP_WINE_CLAIMABLE
	assets:buckets:vineyard_mim_wine_lp_wine_claimable				-0.001518402456559448 VINEYARD_MIM_WINE_LP_WINE_CLAIMABLE
	assets:buckets:vineyard_grape_staked_wine_claimable				1.2738610839779785e-8 VINEYARD_GRAPE_STAKED_WINE_CLAIMABLE


2022-06-14 grapefinance-vineyard.withdraw[pid 2-grapewinelp]
	assets:wallet:avax				-0.019634850000000093 AVAX
	assets:wallet:wine				0.0011965324115496556 WINE
	assets:buckets:nodes_wine_claimable				4.677915646945224e-8 NODES_WINE_CLAIMABLE
	assets:buckets:vineyard_grape_mim_lp_wine_claimable				4.5294362232e-8 VINEYARD_GRAPE_MIM_LP_WINE_CLAIMABLE
	assets:buckets:vineyard_grape_wine_lp_wine_claimable				-0.00119651907002277 VINEYARD_GRAPE_WINE_LP_WINE_CLAIMABLE
	assets:buckets:vineyard_mim_wine_lp_wine_claimable				1.7267145254e-8 VINEYARD_MIM_WINE_LP_WINE_CLAIMABLE
	assets:buckets:vineyard_grape_staked_wine_claimable				1.2738610839779785e-8 VINEYARD_GRAPE_STAKED_WINE_CLAIMABLE


2022-06-14 grapefinance-winery.winery.claimReward
	assets:wallet:avax				-0.019068299999999816 AVAX
	assets:wallet:grape				2.754180396138814 GRAPE
	assets:buckets:nodes_wine_claimable				9.355831294063921e-8 NODES_WINE_CLAIMABLE
	assets:buckets:vineyard_grape_mim_lp_wine_claimable				9.058872452e-8 VINEYARD_GRAPE_MIM_LP_WINE_CLAIMABLE
	assets:buckets:vineyard_grape_wine_lp_wine_claimable				2.6683053839e-8 VINEYARD_GRAPE_WINE_LP_WINE_CLAIMABLE
	assets:buckets:vineyard_mim_wine_lp_wine_claimable				3.4534290509999997e-8 VINEYARD_MIM_WINE_LP_WINE_CLAIMABLE
	assets:buckets:vineyard_grape_staked_wine_claimable				2.547722167955957e-8 VINEYARD_GRAPE_STAKED_WINE_CLAIMABLE
	assets:buckets:winery_grape_claimable				-2.7541803961388154 WINERY_GRAPE_CLAIMABLE


2022-06-14 grapefinance-winenode.nodes_wine.claim
	assets:wallet:avax				-0.02560072499999988 AVAX
	assets:wallet:wine				0.0042351317096327445 WINE
	assets:buckets:nodes_wine_claimable				-0.00423508493047624 NODES_WINE_CLAIMABLE
	assets:buckets:vineyard_grape_mim_lp_wine_claimable				4.529436223200002e-8 VINEYARD_GRAPE_MIM_LP_WINE_CLAIMABLE
	assets:buckets:vineyard_grape_wine_lp_wine_claimable				1.334152692e-8 VINEYARD_GRAPE_WINE_LP_WINE_CLAIMABLE
	assets:buckets:vineyard_mim_wine_lp_wine_claimable				1.7267145254000003e-8 VINEYARD_MIM_WINE_LP_WINE_CLAIMABLE
	assets:buckets:vineyard_grape_staked_wine_claimable				1.2738610839779785e-8 VINEYARD_GRAPE_STAKED_WINE_CLAIMABLE


2022-06-14 nodeContract.approve
	assets:wallet:avax				-0.010401525000000245 AVAX
	assets:buckets:nodes_wine_claimable				4.6770541308e-8 NODES_WINE_CLAIMABLE
	assets:buckets:vineyard_grape_mim_lp_wine_claimable				4.529436228799999e-8 VINEYARD_GRAPE_MIM_LP_WINE_CLAIMABLE
	assets:buckets:vineyard_grape_wine_lp_wine_claimable				1.334152692e-8 VINEYARD_GRAPE_WINE_LP_WINE_CLAIMABLE
	assets:buckets:vineyard_mim_wine_lp_wine_claimable				1.7267145254999998e-8 VINEYARD_MIM_WINE_LP_WINE_CLAIMABLE
	assets:buckets:vineyard_grape_staked_wine_claimable				1.2738610843249232e-8 VINEYARD_GRAPE_STAKED_WINE_CLAIMABLE


2022-06-14 grapefinance-grapenode.create[nodeTier 0][numNodes 1]
	assets:wallet:avax				-0.04883152500000021 AVAX
	assets:wallet:grape				-50 GRAPE
	assets:buckets:nodes_grape				1 NODES_GRAPE
	assets:buckets:nodes_grape_claimable				0.001280896487347817 NODES_GRAPE_CLAIMABLE
	assets:buckets:nodes_wine_claimable				9.3541082616e-8 NODES_WINE_CLAIMABLE
	assets:buckets:vineyard_grape_mim_lp_wine_claimable				9.058872451999998e-8 VINEYARD_GRAPE_MIM_LP_WINE_CLAIMABLE
	assets:buckets:vineyard_grape_wine_lp_wine_claimable				2.6683053839999995e-8 VINEYARD_GRAPE_WINE_LP_WINE_CLAIMABLE
	assets:buckets:vineyard_mim_wine_lp_wine_claimable				3.4534290509999997e-8 VINEYARD_MIM_WINE_LP_WINE_CLAIMABLE
	assets:buckets:vineyard_grape_staked_wine_claimable				2.5477221683029017e-8 VINEYARD_GRAPE_STAKED_WINE_CLAIMABLE


2022-06-14 grapefinance-vineyard.withdraw[pid 0-grapemimlp]
	assets:wallet:avax				-0.023130000000000095 AVAX
	assets:wallet:wine				3.6235489803138066e-7 WINE
	assets:wallet:grape_mim_lp				8.567550580480178 GRAPE_MIM_LP
	assets:buckets:nodes_grape_claimable				0.000007858260658575146 NODES_GRAPE_CLAIMABLE
	assets:buckets:nodes_wine_claimable				4.6770541309000006e-8 NODES_WINE_CLAIMABLE
	assets:buckets:vineyard_grape_mim_lp_staked				-8.56755058048018 VINEYARD_GRAPE_MIM_LP_STAKED
	assets:buckets:vineyard_grape_mim_lp_wine_claimable				-3.17060535736e-7 VINEYARD_GRAPE_MIM_LP_WINE_CLAIMABLE
	assets:buckets:vineyard_grape_wine_lp_wine_claimable				1.3341526920000007e-8 VINEYARD_GRAPE_WINE_LP_WINE_CLAIMABLE
	assets:buckets:vineyard_mim_wine_lp_wine_claimable				1.726714525400001e-8 VINEYARD_MIM_WINE_LP_WINE_CLAIMABLE
	assets:buckets:vineyard_grape_staked_wine_claimable				1.2738610839779785e-8 VINEYARD_GRAPE_STAKED_WINE_CLAIMABLE


2022-06-14 approve traderjoe.removeLiquidity
	assets:wallet:avax				-0.010387349999999795 AVAX
	assets:buckets:nodes_grape_claimable				0.000007858260658575797 NODES_GRAPE_CLAIMABLE
	assets:buckets:nodes_wine_claimable				4.677054130799999e-8 NODES_WINE_CLAIMABLE
	assets:buckets:vineyard_grape_mim_lp_wine_claimable				3.8364994584e-8 VINEYARD_GRAPE_MIM_LP_WINE_CLAIMABLE
	assets:buckets:vineyard_grape_wine_lp_wine_claimable				1.3341526919999994e-8 VINEYARD_GRAPE_WINE_LP_WINE_CLAIMABLE
	assets:buckets:vineyard_mim_wine_lp_wine_claimable				1.7267145254999998e-8 VINEYARD_MIM_WINE_LP_WINE_CLAIMABLE
	assets:buckets:vineyard_grape_staked_wine_claimable				1.2738610798146421e-8 VINEYARD_GRAPE_STAKED_WINE_CLAIMABLE


2022-06-14 traderjoe.removeLiquidity[LP grape-mim-lp]
	assets:wallet:avax				-0.04420417499999996 AVAX
	assets:wallet:mim				11.034053585610963 MIM
	assets:wallet:grape				10.31919146745385 GRAPE
	assets:wallet:grape_mim_lp				-8.567550580480178 GRAPE_MIM_LP
	assets:buckets:nodes_grape_claimable				0.000023574781975726957 NODES_GRAPE_CLAIMABLE
	assets:buckets:nodes_wine_claimable				1.40311623925e-7 NODES_WINE_CLAIMABLE
	assets:buckets:vineyard_grape_mim_lp_wine_claimable				1.15094983754e-7 VINEYARD_GRAPE_MIM_LP_WINE_CLAIMABLE
	assets:buckets:vineyard_grape_wine_lp_wine_claimable				4.002458076000001e-8 VINEYARD_GRAPE_WINE_LP_WINE_CLAIMABLE
	assets:buckets:vineyard_mim_wine_lp_wine_claimable				5.180143576399999e-8 VINEYARD_MIM_WINE_LP_WINE_CLAIMABLE
	assets:buckets:vineyard_grape_staked_wine_claimable				3.821583247770599e-8 VINEYARD_GRAPE_STAKED_WINE_CLAIMABLE


2022-06-14 approve traderjoe.swapExactTokensForTokens
	assets:wallet:avax				-0.006577874999999622 AVAX
	assets:buckets:nodes_grape_claimable				0.000007858260658576014 NODES_GRAPE_CLAIMABLE
	assets:buckets:nodes_wine_claimable				4.677054130899999e-8 NODES_WINE_CLAIMABLE
	assets:buckets:vineyard_grape_mim_lp_wine_claimable				3.836499463300001e-8 VINEYARD_GRAPE_MIM_LP_WINE_CLAIMABLE
	assets:buckets:vineyard_grape_wine_lp_wine_claimable				1.3341526919999981e-8 VINEYARD_GRAPE_WINE_LP_WINE_CLAIMABLE
	assets:buckets:vineyard_mim_wine_lp_wine_claimable				1.7267145254999998e-8 VINEYARD_MIM_WINE_LP_WINE_CLAIMABLE
	assets:buckets:vineyard_grape_staked_wine_claimable				1.2738610839779785e-8 VINEYARD_GRAPE_STAKED_WINE_CLAIMABLE


2022-06-14 traderjoe.swapExactTokensForTokens[tokenInAmount 22930869389055441587][tokenIn mim][tokenOut grape]
	assets:wallet:avax				-0.030133124999999872 AVAX
	assets:wallet:mim				-22.930869389055438 MIM
	assets:wallet:grape				21.38056197545449 GRAPE
	assets:buckets:nodes_grape_claimable				0.000015716521317150943 NODES_GRAPE_CLAIMABLE
	assets:buckets:nodes_wine_claimable				9.354108261700001e-8 NODES_WINE_CLAIMABLE
	assets:buckets:vineyard_grape_mim_lp_wine_claimable				7.6729989217e-8 VINEYARD_GRAPE_MIM_LP_WINE_CLAIMABLE
	assets:buckets:vineyard_grape_wine_lp_wine_claimable				2.6683053838999986e-8 VINEYARD_GRAPE_WINE_LP_WINE_CLAIMABLE
	assets:buckets:vineyard_mim_wine_lp_wine_claimable				3.4534290509999997e-8 VINEYARD_MIM_WINE_LP_WINE_CLAIMABLE
	assets:buckets:vineyard_grape_staked_wine_claimable				2.547722167955957e-8 VINEYARD_GRAPE_STAKED_WINE_CLAIMABLE


2022-06-14 traderjoe.addLiquidity
	assets:wallet:avax				-0.010406924999999845 AVAX
	assets:buckets:nodes_grape_claimable				0.000007858260658576014 NODES_GRAPE_CLAIMABLE
	assets:buckets:nodes_wine_claimable				4.677054130899999e-8 NODES_WINE_CLAIMABLE
	assets:buckets:vineyard_grape_mim_lp_wine_claimable				3.8364994585000014e-8 VINEYARD_GRAPE_MIM_LP_WINE_CLAIMABLE
	assets:buckets:vineyard_grape_wine_lp_wine_claimable				1.3341526920000007e-8 VINEYARD_GRAPE_WINE_LP_WINE_CLAIMABLE
	assets:buckets:vineyard_mim_wine_lp_wine_claimable				1.7267145254999998e-8 VINEYARD_MIM_WINE_LP_WINE_CLAIMABLE
	assets:buckets:vineyard_grape_staked_wine_claimable				1.2738610843249232e-8 VINEYARD_GRAPE_STAKED_WINE_CLAIMABLE


2022-06-14 traderjoe.addLiquidity
	assets:wallet:avax				-0.020806199999999997 AVAX
	assets:buckets:nodes_grape_claimable				0.000015716521317150943 NODES_GRAPE_CLAIMABLE
	assets:buckets:nodes_wine_claimable				9.354108261699996e-8 NODES_WINE_CLAIMABLE
	assets:buckets:vineyard_grape_mim_lp_wine_claimable				7.672998921800001e-8 VINEYARD_GRAPE_MIM_LP_WINE_CLAIMABLE
	assets:buckets:vineyard_grape_wine_lp_wine_claimable				2.6683053840000015e-8 VINEYARD_GRAPE_WINE_LP_WINE_CLAIMABLE
	assets:buckets:vineyard_mim_wine_lp_wine_claimable				3.4534290508999995e-8 VINEYARD_MIM_WINE_LP_WINE_CLAIMABLE
	assets:buckets:vineyard_grape_staked_wine_claimable				2.5477221683029017e-8 VINEYARD_GRAPE_STAKED_WINE_CLAIMABLE


2022-06-14 traderjoe.addLiquidity[token1 grape][token2 wine][amount1 21509795301007081036][amount2 128903741577277797]
	assets:wallet:avax				-0.05579032499999981 AVAX
	assets:wallet:grape				-21.50979530100708 GRAPE
	assets:wallet:wine				-0.08707595689999553 WINE
	assets:wallet:grape_wine_lp				1.2544932156884283 GRAPE_WINE_LP
	assets:buckets:nodes_grape_claimable				0.000023574781975726957 NODES_GRAPE_CLAIMABLE
	assets:buckets:nodes_wine_claimable				1.40311623926e-7 NODES_WINE_CLAIMABLE
	assets:buckets:vineyard_grape_mim_lp_wine_claimable				1.15094983802e-7 VINEYARD_GRAPE_MIM_LP_WINE_CLAIMABLE
	assets:buckets:vineyard_grape_wine_lp_wine_claimable				4.0024580759999995e-8 VINEYARD_GRAPE_WINE_LP_WINE_CLAIMABLE
	assets:buckets:vineyard_mim_wine_lp_wine_claimable				5.180143576400002e-8 VINEYARD_MIM_WINE_LP_WINE_CLAIMABLE
	assets:buckets:vineyard_grape_staked_wine_claimable				3.82158325228088e-8 VINEYARD_GRAPE_STAKED_WINE_CLAIMABLE


2022-06-14 approve grapefinance-vineyard.deposit
	assets:wallet:avax				-0.01038735000000024 AVAX
	assets:buckets:nodes_grape_claimable				0.000007858260658576014 NODES_GRAPE_CLAIMABLE
	assets:buckets:nodes_wine_claimable				4.677054130800002e-8 NODES_WINE_CLAIMABLE
	assets:buckets:vineyard_grape_mim_lp_wine_claimable				3.8364994585000014e-8 VINEYARD_GRAPE_MIM_LP_WINE_CLAIMABLE
	assets:buckets:vineyard_grape_wine_lp_wine_claimable				1.3341526920000007e-8 VINEYARD_GRAPE_WINE_LP_WINE_CLAIMABLE
	assets:buckets:vineyard_mim_wine_lp_wine_claimable				1.7267145254999972e-8 VINEYARD_MIM_WINE_LP_WINE_CLAIMABLE
	assets:buckets:vineyard_grape_staked_wine_claimable				1.2738610839779785e-8 VINEYARD_GRAPE_STAKED_WINE_CLAIMABLE


2022-06-14 grapefinance-vineyard.deposit[LP grape-wine-lp]
	assets:wallet:avax				-0.03376057500000007 AVAX
	assets:wallet:wine				2.1346443071501575e-7 WINE
	assets:wallet:grape_wine_lp				-1.3059721731805123 GRAPE_WINE_LP
	assets:buckets:nodes_grape_claimable				0.000015716521317150943 NODES_GRAPE_CLAIMABLE
	assets:buckets:nodes_wine_claimable				9.354108261699996e-8 NODES_WINE_CLAIMABLE
	assets:buckets:vineyard_grape_mim_lp_wine_claimable				7.672998921800001e-8 VINEYARD_GRAPE_MIM_LP_WINE_CLAIMABLE
	assets:buckets:vineyard_grape_wine_lp_staked				1.3059721731805123 VINEYARD_GRAPE_WINE_LP_STAKED
	assets:buckets:vineyard_grape_wine_lp_wine_claimable				-1.86781376878e-7 VINEYARD_GRAPE_WINE_LP_WINE_CLAIMABLE
	assets:buckets:vineyard_mim_wine_lp_wine_claimable				3.453429050899997e-8 VINEYARD_MIM_WINE_LP_WINE_CLAIMABLE
	assets:buckets:vineyard_grape_staked_wine_claimable				2.5477221637926206e-8 VINEYARD_GRAPE_STAKED_WINE_CLAIMABLE


2022-06-14 traderjoe.addLiquidity
	assets:wallet:avax				-0.006577875000000066 AVAX
	assets:buckets:nodes_grape_claimable				0.000007858260658576014 NODES_GRAPE_CLAIMABLE
	assets:buckets:nodes_wine_claimable				4.677054130800002e-8 NODES_WINE_CLAIMABLE
	assets:buckets:vineyard_grape_mim_lp_wine_claimable				3.8364994585000014e-8 VINEYARD_GRAPE_MIM_LP_WINE_CLAIMABLE
	assets:buckets:vineyard_grape_wine_lp_wine_claimable				3.0751486943e-8 VINEYARD_GRAPE_WINE_LP_WINE_CLAIMABLE
	assets:buckets:vineyard_mim_wine_lp_wine_claimable				1.7267145255000025e-8 VINEYARD_MIM_WINE_LP_WINE_CLAIMABLE
	assets:buckets:vineyard_grape_staked_wine_claimable				1.2738610839779785e-8 VINEYARD_GRAPE_STAKED_WINE_CLAIMABLE


2022-06-14 traderjoe.addLiquidity
	assets:wallet:avax				-0.013129650000000215 AVAX
	assets:buckets:nodes_grape_claimable				0.00001571652131715116 NODES_GRAPE_CLAIMABLE
	assets:buckets:nodes_wine_claimable				9.354108261600004e-8 NODES_WINE_CLAIMABLE
	assets:buckets:vineyard_grape_mim_lp_wine_claimable				7.6729989169e-8 VINEYARD_GRAPE_MIM_LP_WINE_CLAIMABLE
	assets:buckets:vineyard_grape_wine_lp_wine_claimable				6.1502973886e-8 VINEYARD_GRAPE_WINE_LP_WINE_CLAIMABLE
	assets:buckets:vineyard_mim_wine_lp_wine_claimable				3.4534290509999997e-8 VINEYARD_MIM_WINE_LP_WINE_CLAIMABLE
	assets:buckets:vineyard_grape_staked_wine_claimable				2.547722167955957e-8 VINEYARD_GRAPE_STAKED_WINE_CLAIMABLE


2022-06-14 traderjoe.addLiquidity[token1 mim][token2 wine][amount1 33643880505652390411][amount2 128903741577277797]
	assets:wallet:avax				-0.04821682499999991 AVAX
	assets:wallet:mim				-33.64388050565239 MIM
	assets:wallet:wine				-0.12840615998804125 WINE
	assets:wallet:mim_wine_lp				1.7360787449382005 MIM_WINE_LP
	assets:buckets:nodes_grape_claimable				0.000023574781975727174 NODES_GRAPE_CLAIMABLE
	assets:buckets:nodes_wine_claimable				1.4031162392499998e-7 NODES_WINE_CLAIMABLE
	assets:buckets:vineyard_grape_mim_lp_wine_claimable				1.15094983802e-7 VINEYARD_GRAPE_MIM_LP_WINE_CLAIMABLE
	assets:buckets:vineyard_grape_wine_lp_wine_claimable				9.2254460831e-8 VINEYARD_GRAPE_WINE_LP_WINE_CLAIMABLE
	assets:buckets:vineyard_mim_wine_lp_wine_claimable				5.180143576399999e-8 VINEYARD_MIM_WINE_LP_WINE_CLAIMABLE
	assets:buckets:vineyard_grape_staked_wine_claimable				3.8215832519339354e-8 VINEYARD_GRAPE_STAKED_WINE_CLAIMABLE


2022-06-14 approve grapefinance-vineyard.deposit
	assets:wallet:avax				-0.01038735000000024 AVAX
	assets:buckets:nodes_grape_claimable				0.00000785826065857493 NODES_GRAPE_CLAIMABLE
	assets:buckets:nodes_wine_claimable				4.677054130800002e-8 NODES_WINE_CLAIMABLE
	assets:buckets:vineyard_grape_mim_lp_wine_claimable				3.8364994585000014e-8 VINEYARD_GRAPE_MIM_LP_WINE_CLAIMABLE
	assets:buckets:vineyard_grape_wine_lp_wine_claimable				3.075148694299999e-8 VINEYARD_GRAPE_WINE_LP_WINE_CLAIMABLE
	assets:buckets:vineyard_mim_wine_lp_wine_claimable				1.7267145255000025e-8 VINEYARD_MIM_WINE_LP_WINE_CLAIMABLE
	assets:buckets:vineyard_grape_staked_wine_claimable				1.2738610839779785e-8 VINEYARD_GRAPE_STAKED_WINE_CLAIMABLE


2022-06-14 grapefinance-vineyard.deposit[LP mim-wine-lp]
	assets:wallet:avax				-0.03376057500000007 AVAX
	assets:wallet:wine				3.798771956026181e-7 WINE
	assets:wallet:mim_wine_lp				-1.7592948234755295 MIM_WINE_LP
	assets:buckets:nodes_grape_claimable				0.000015716521317150943 NODES_GRAPE_CLAIMABLE
	assets:buckets:nodes_wine_claimable				9.354108261700006e-8 NODES_WINE_CLAIMABLE
	assets:buckets:vineyard_grape_mim_lp_wine_claimable				7.6729989169e-8 VINEYARD_GRAPE_MIM_LP_WINE_CLAIMABLE
	assets:buckets:vineyard_grape_wine_lp_wine_claimable				6.1502973886e-8 VINEYARD_GRAPE_WINE_LP_WINE_CLAIMABLE
	assets:buckets:vineyard_mim_wine_lp_staked				1.7592948234755295 VINEYARD_MIM_WINE_LP_STAKED
	assets:buckets:vineyard_mim_wine_lp_wine_claimable				-3.45342905093e-7 VINEYARD_MIM_WINE_LP_WINE_CLAIMABLE
	assets:buckets:vineyard_grape_staked_wine_claimable				2.5477221683029017e-8 VINEYARD_GRAPE_STAKED_WINE_CLAIMABLE


2022-06-14 grapefinance-vineyard.withdraw[pid 0-grapemimlp]
	assets:wallet:avax				-0.01963215000000007 AVAX
	assets:wallet:wine				0.004043984268172318 WINE
	assets:buckets:nodes_wine_claimable				9.351660660347066e-7 NODES_WINE_CLAIMABLE
	assets:buckets:vineyard_grape_mim_lp_wine_claimable				-0.004043078595289832 VINEYARD_GRAPE_MIM_LP_WINE_CLAIMABLE
	assets:buckets:vineyard_grape_wine_lp_wine_claimable				2.6683053839788966e-7 VINEYARD_GRAPE_WINE_LP_WINE_CLAIMABLE
	assets:buckets:vineyard_mim_wine_lp_wine_claimable				3.453164840090412e-7 VINEYARD_MIM_WINE_LP_WINE_CLAIMABLE
	assets:buckets:vineyard_grape_staked_wine_claimable				2.5477221671926786e-7 VINEYARD_GRAPE_STAKED_WINE_CLAIMABLE


2022-06-14 grapefinance-vineyard.withdraw[pid 1-mimwinelp]
	assets:wallet:avax				-0.019634850000000093 AVAX
	assets:wallet:wine				0.0015244628216222744 WINE
	assets:buckets:nodes_wine_claimable				4.675830330216901e-8 NODES_WINE_CLAIMABLE
	assets:buckets:vineyard_grape_mim_lp_wine_claimable				4.5283644112e-8 VINEYARD_GRAPE_MIM_LP_WINE_CLAIMABLE
	assets:buckets:vineyard_grape_wine_lp_wine_claimable				1.3341526920122165e-8 VINEYARD_GRAPE_WINE_LP_WINE_CLAIMABLE
	assets:buckets:vineyard_mim_wine_lp_wine_claimable				-0.001524445555798091 VINEYARD_MIM_WINE_LP_WINE_CLAIMABLE
	assets:buckets:vineyard_grape_staked_wine_claimable				1.2738610839779785e-8 VINEYARD_GRAPE_STAKED_WINE_CLAIMABLE


2022-06-14 grapefinance-vineyard.withdraw[pid 2-grapewinelp]
	assets:wallet:avax				-0.019634850000000093 AVAX
	assets:wallet:wine				0.0012012019459716194 WINE
	assets:buckets:nodes_wine_claimable				4.675830330216901e-8 NODES_WINE_CLAIMABLE
	assets:buckets:vineyard_grape_mim_lp_wine_claimable				4.5283644112e-8 VINEYARD_GRAPE_MIM_LP_WINE_CLAIMABLE
	assets:buckets:vineyard_grape_wine_lp_wine_claimable				-0.001201188604444737 VINEYARD_GRAPE_WINE_LP_WINE_CLAIMABLE
	assets:buckets:vineyard_mim_wine_lp_wine_claimable				1.7265824201e-8 VINEYARD_MIM_WINE_LP_WINE_CLAIMABLE
	assets:buckets:vineyard_grape_staked_wine_claimable				1.2738610839779785e-8 VINEYARD_GRAPE_STAKED_WINE_CLAIMABLE


2022-06-14 grapefinance-winery.winery.claimReward
	assets:wallet:avax				-0.019068299999999816 AVAX
	assets:wallet:grape				3.477276990064169 GRAPE
	assets:buckets:nodes_wine_claimable				4.675830330130165e-8 NODES_WINE_CLAIMABLE
	assets:buckets:vineyard_grape_mim_lp_wine_claimable				4.5283644112000006e-8 VINEYARD_GRAPE_MIM_LP_WINE_CLAIMABLE
	assets:buckets:vineyard_grape_wine_lp_wine_claimable				1.3341526919e-8 VINEYARD_GRAPE_WINE_LP_WINE_CLAIMABLE
	assets:buckets:vineyard_mim_wine_lp_wine_claimable				1.7265824199999997e-8 VINEYARD_MIM_WINE_LP_WINE_CLAIMABLE
	assets:buckets:vineyard_grape_staked_wine_claimable				1.2738610843249232e-8 VINEYARD_GRAPE_STAKED_WINE_CLAIMABLE
	assets:buckets:winery_grape_claimable				-3.4772769900641753 WINERY_GRAPE_CLAIMABLE


2022-06-14 grapefinance-winenode.nodes_wine.claim
	assets:wallet:avax				-0.02560072499999988 AVAX
	assets:wallet:wine				0.004251453858287513 WINE
	assets:buckets:nodes_wine_claimable				-0.004251407099984193 NODES_WINE_CLAIMABLE
	assets:buckets:vineyard_grape_mim_lp_wine_claimable				4.528364411199999e-8 VINEYARD_GRAPE_MIM_LP_WINE_CLAIMABLE
	assets:buckets:vineyard_grape_wine_lp_wine_claimable				1.3341526919999999e-8 VINEYARD_GRAPE_WINE_LP_WINE_CLAIMABLE
	assets:buckets:vineyard_mim_wine_lp_wine_claimable				1.7265824200000004e-8 VINEYARD_MIM_WINE_LP_WINE_CLAIMABLE
	assets:buckets:vineyard_grape_staked_wine_claimable				1.2738610839779785e-8 VINEYARD_GRAPE_STAKED_WINE_CLAIMABLE


2022-06-14 nodeContract.approve
	assets:wallet:avax				-0.010401525000000245 AVAX
	assets:buckets:nodes_wine_claimable				4.6756939517e-8 NODES_WINE_CLAIMABLE
	assets:buckets:vineyard_grape_mim_lp_wine_claimable				4.5283644168000015e-8 VINEYARD_GRAPE_MIM_LP_WINE_CLAIMABLE
	assets:buckets:vineyard_grape_wine_lp_wine_claimable				1.334152692e-8 VINEYARD_GRAPE_WINE_LP_WINE_CLAIMABLE
	assets:buckets:vineyard_mim_wine_lp_wine_claimable				1.7265824200000004e-8 VINEYARD_MIM_WINE_LP_WINE_CLAIMABLE
	assets:buckets:vineyard_grape_staked_wine_claimable				1.2738610839779785e-8 VINEYARD_GRAPE_STAKED_WINE_CLAIMABLE


2022-06-14 grapefinance-grapenode.create[nodeTier 0][numNodes 1]
	assets:wallet:avax				-0.04883152500000021 AVAX
	assets:wallet:grape				-50 GRAPE
	assets:buckets:nodes_grape				1 NODES_GRAPE
	assets:buckets:nodes_grape_claimable				0.001351404293735285 NODES_GRAPE_CLAIMABLE
	assets:buckets:nodes_wine_claimable				9.3513879035e-8 NODES_WINE_CLAIMABLE
	assets:buckets:vineyard_grape_mim_lp_wine_claimable				9.056728828000001e-8 VINEYARD_GRAPE_MIM_LP_WINE_CLAIMABLE
	assets:buckets:vineyard_grape_wine_lp_wine_claimable				2.668305384e-8 VINEYARD_GRAPE_WINE_LP_WINE_CLAIMABLE
	assets:buckets:vineyard_mim_wine_lp_wine_claimable				3.4531648401e-8 VINEYARD_MIM_WINE_LP_WINE_CLAIMABLE
	assets:buckets:vineyard_grape_staked_wine_claimable				2.547722167955957e-8 VINEYARD_GRAPE_STAKED_WINE_CLAIMABLE


2022-06-14 grapefinance-vineyard.withdraw[pid 0-grapemimlp]
	assets:wallet:avax				-0.023130000000000095 AVAX
	assets:wallet:wine				3.169855088414053e-7 WINE
	assets:wallet:grape_mim_lp				10.123672723616915 GRAPE_MIM_LP
	assets:buckets:nodes_grape_claimable				0.00000785700170776284 NODES_GRAPE_CLAIMABLE
	assets:buckets:nodes_wine_claimable				4.6756939518e-8 NODES_WINE_CLAIMABLE
	assets:buckets:vineyard_grape_mim_lp_staked				-10.123672723616913 VINEYARD_GRAPE_MIM_LP_STAKED
	assets:buckets:vineyard_grape_mim_lp_wine_claimable				-2.71701864728e-7 VINEYARD_GRAPE_MIM_LP_WINE_CLAIMABLE
	assets:buckets:vineyard_grape_wine_lp_wine_claimable				1.3341526919999994e-8 VINEYARD_GRAPE_WINE_LP_WINE_CLAIMABLE
	assets:buckets:vineyard_mim_wine_lp_wine_claimable				1.7265824200000004e-8 VINEYARD_MIM_WINE_LP_WINE_CLAIMABLE
	assets:buckets:vineyard_grape_staked_wine_claimable				1.2738610839779785e-8 VINEYARD_GRAPE_STAKED_WINE_CLAIMABLE


2022-06-14 approve traderjoe.removeLiquidity
	assets:wallet:avax				-0.010387349999999795 AVAX
	assets:buckets:nodes_grape_claimable				0.000007857001707764141 NODES_GRAPE_CLAIMABLE
	assets:buckets:nodes_wine_claimable				4.6756939518e-8 NODES_WINE_CLAIMABLE
	assets:buckets:vineyard_grape_mim_lp_wine_claimable				3.7097622666e-8 VINEYARD_GRAPE_MIM_LP_WINE_CLAIMABLE
	assets:buckets:vineyard_grape_wine_lp_wine_claimable				1.3341526920000007e-8 VINEYARD_GRAPE_WINE_LP_WINE_CLAIMABLE
	assets:buckets:vineyard_mim_wine_lp_wine_claimable				1.7265824200000004e-8 VINEYARD_MIM_WINE_LP_WINE_CLAIMABLE
	assets:buckets:vineyard_grape_staked_wine_claimable				1.2738610839779785e-8 VINEYARD_GRAPE_STAKED_WINE_CLAIMABLE


2022-06-14 traderjoe.removeLiquidity[LP grape-mim-lp]
	assets:wallet:avax				-0.042382124999999604 AVAX
	assets:wallet:mim				13.03504557084549 MIM
	assets:wallet:grape				12.196423108232537 GRAPE
	assets:wallet:grape_mim_lp				-10.123672723616915 GRAPE_MIM_LP
	assets:buckets:nodes_grape_claimable				0.00001571400341552698 NODES_GRAPE_CLAIMABLE
	assets:buckets:nodes_wine_claimable				9.3513879036e-8 NODES_WINE_CLAIMABLE
	assets:buckets:vineyard_grape_mim_lp_wine_claimable				7.4195245333e-8 VINEYARD_GRAPE_MIM_LP_WINE_CLAIMABLE
	assets:buckets:vineyard_grape_wine_lp_wine_claimable				2.668305384e-8 VINEYARD_GRAPE_WINE_LP_WINE_CLAIMABLE
	assets:buckets:vineyard_mim_wine_lp_wine_claimable				3.453164840100001e-8 VINEYARD_MIM_WINE_LP_WINE_CLAIMABLE
	assets:buckets:vineyard_grape_staked_wine_claimable				2.5477221637926206e-8 VINEYARD_GRAPE_STAKED_WINE_CLAIMABLE


2022-06-14 approve traderjoe.swapExactTokensForTokens
	assets:wallet:avax				-0.006577875000000066 AVAX
	assets:buckets:nodes_grape_claimable				0.000007857001707763057 NODES_GRAPE_CLAIMABLE
	assets:buckets:nodes_wine_claimable				4.6756939518000024e-8 NODES_WINE_CLAIMABLE
	assets:buckets:vineyard_grape_mim_lp_wine_claimable				3.7097622665999994e-8 VINEYARD_GRAPE_MIM_LP_WINE_CLAIMABLE
	assets:buckets:vineyard_grape_wine_lp_wine_claimable				1.3341526920000007e-8 VINEYARD_GRAPE_WINE_LP_WINE_CLAIMABLE
	assets:buckets:vineyard_mim_wine_lp_wine_claimable				1.7265824199999978e-8 VINEYARD_MIM_WINE_LP_WINE_CLAIMABLE
	assets:buckets:vineyard_grape_staked_wine_claimable				1.2738610839779785e-8 VINEYARD_GRAPE_STAKED_WINE_CLAIMABLE


2022-06-14 traderjoe.swapExactTokensForTokens[tokenInAmount 23375066244332046494][tokenIn mim][tokenOut grape]
	assets:wallet:avax				-0.030133125000000316 AVAX
	assets:wallet:mim				-23.375066244332046 MIM
	assets:wallet:grape				21.80522909702498 GRAPE
	assets:buckets:nodes_grape_claimable				0.000015714003415526114 NODES_GRAPE_CLAIMABLE
	assets:buckets:nodes_wine_claimable				9.3513879036e-8 NODES_WINE_CLAIMABLE
	assets:buckets:vineyard_grape_mim_lp_wine_claimable				7.4195245378e-8 VINEYARD_GRAPE_MIM_LP_WINE_CLAIMABLE
	assets:buckets:vineyard_grape_wine_lp_wine_claimable				2.6683053840000015e-8 VINEYARD_GRAPE_WINE_LP_WINE_CLAIMABLE
	assets:buckets:vineyard_mim_wine_lp_wine_claimable				3.453164839999998e-8 VINEYARD_MIM_WINE_LP_WINE_CLAIMABLE
	assets:buckets:vineyard_grape_staked_wine_claimable				2.547722167955957e-8 VINEYARD_GRAPE_STAKED_WINE_CLAIMABLE


2022-06-14 traderjoe.addLiquidity
	assets:wallet:avax				-0.010406924999999845 AVAX
	assets:buckets:nodes_grape_claimable				0.000007857001707763924 NODES_GRAPE_CLAIMABLE
	assets:buckets:nodes_wine_claimable				4.6756939518000024e-8 NODES_WINE_CLAIMABLE
	assets:buckets:vineyard_grape_mim_lp_wine_claimable				3.7097622665999994e-8 VINEYARD_GRAPE_MIM_LP_WINE_CLAIMABLE
	assets:buckets:vineyard_grape_wine_lp_wine_claimable				1.3341526919999981e-8 VINEYARD_GRAPE_WINE_LP_WINE_CLAIMABLE
	assets:buckets:vineyard_mim_wine_lp_wine_claimable				1.7265824202000008e-8 VINEYARD_MIM_WINE_LP_WINE_CLAIMABLE
	assets:buckets:vineyard_grape_staked_wine_claimable				1.2738610843249232e-8 VINEYARD_GRAPE_STAKED_WINE_CLAIMABLE


2022-06-14 traderjoe.addLiquidity
	assets:wallet:avax				-0.020806199999999997 AVAX
	assets:buckets:nodes_grape_claimable				0.00001571400341552698 NODES_GRAPE_CLAIMABLE
	assets:buckets:nodes_wine_claimable				9.3513879036e-8 NODES_WINE_CLAIMABLE
	assets:buckets:vineyard_grape_mim_lp_wine_claimable				7.419524533199999e-8 VINEYARD_GRAPE_MIM_LP_WINE_CLAIMABLE
	assets:buckets:vineyard_grape_wine_lp_wine_claimable				2.6683053838999986e-8 VINEYARD_GRAPE_WINE_LP_WINE_CLAIMABLE
	assets:buckets:vineyard_mim_wine_lp_wine_claimable				3.453164840200001e-8 VINEYARD_MIM_WINE_LP_WINE_CLAIMABLE
	assets:buckets:vineyard_grape_staked_wine_claimable				2.5477221683029017e-8 VINEYARD_GRAPE_STAKED_WINE_CLAIMABLE


2022-06-14 traderjoe.addLiquidity[token1 grape][token2 wine][amount1 21937036272057500952][amount2 128925184705793922]
	assets:wallet:avax				-0.05579032499999981 AVAX
	assets:wallet:grape				-21.937036272057505 GRAPE
	assets:wallet:wine				-0.08703446991747907 WINE
	assets:wallet:grape_wine_lp				1.2665098041396106 GRAPE_WINE_LP
	assets:buckets:nodes_grape_claimable				0.00002357100512329004 NODES_GRAPE_CLAIMABLE
	assets:buckets:nodes_wine_claimable				1.4027081855400002e-7 NODES_WINE_CLAIMABLE
	assets:buckets:vineyard_grape_mim_lp_wine_claimable				1.1129286804499999e-7 VINEYARD_GRAPE_MIM_LP_WINE_CLAIMABLE
	assets:buckets:vineyard_grape_wine_lp_wine_claimable				4.0024580758999994e-8 VINEYARD_GRAPE_WINE_LP_WINE_CLAIMABLE
	assets:buckets:vineyard_mim_wine_lp_wine_claimable				5.1797472602000016e-8 VINEYARD_MIM_WINE_LP_WINE_CLAIMABLE
	assets:buckets:vineyard_grape_staked_wine_claimable				3.82158325228088e-8 VINEYARD_GRAPE_STAKED_WINE_CLAIMABLE


2022-06-14 approve grapefinance-vineyard.deposit
	assets:wallet:avax				-0.01038735000000024 AVAX
	assets:buckets:nodes_grape_claimable				0.000007857001707763924 NODES_GRAPE_CLAIMABLE
	assets:buckets:nodes_wine_claimable				4.6756939518000024e-8 NODES_WINE_CLAIMABLE
	assets:buckets:vineyard_grape_mim_lp_wine_claimable				3.709762266600002e-8 VINEYARD_GRAPE_MIM_LP_WINE_CLAIMABLE
	assets:buckets:vineyard_grape_wine_lp_wine_claimable				1.3341526920000007e-8 VINEYARD_GRAPE_WINE_LP_WINE_CLAIMABLE
	assets:buckets:vineyard_mim_wine_lp_wine_claimable				1.7265824201000006e-8 VINEYARD_MIM_WINE_LP_WINE_CLAIMABLE
	assets:buckets:vineyard_grape_staked_wine_claimable				1.2738610839779785e-8 VINEYARD_GRAPE_STAKED_WINE_CLAIMABLE


2022-06-14 grapefinance-vineyard.deposit[LP grape-wine-lp]
	assets:wallet:avax				-0.03376057500000007 AVAX
	assets:wallet:wine				1.8678137689298602e-7 WINE
	assets:wallet:grape_wine_lp				-1.317982753337469 GRAPE_WINE_LP
	assets:buckets:nodes_grape_claimable				0.00001571400341552698 NODES_GRAPE_CLAIMABLE
	assets:buckets:nodes_wine_claimable				9.351387903500002e-8 NODES_WINE_CLAIMABLE
	assets:buckets:vineyard_grape_mim_lp_wine_claimable				7.419524533199999e-8 VINEYARD_GRAPE_MIM_LP_WINE_CLAIMABLE
	assets:buckets:vineyard_grape_wine_lp_staked				1.317982753337469 VINEYARD_GRAPE_WINE_LP_STAKED
	assets:buckets:vineyard_grape_wine_lp_wine_claimable				-1.60098323038e-7 VINEYARD_GRAPE_WINE_LP_WINE_CLAIMABLE
	assets:buckets:vineyard_mim_wine_lp_wine_claimable				3.4531648400999983e-8 VINEYARD_MIM_WINE_LP_WINE_CLAIMABLE
	assets:buckets:vineyard_grape_staked_wine_claimable				2.547722167955957e-8 VINEYARD_GRAPE_STAKED_WINE_CLAIMABLE


2022-06-14 traderjoe.addLiquidity
	assets:wallet:avax				-0.006577875000000066 AVAX
	assets:buckets:nodes_grape_claimable				0.000007857001707763057 NODES_GRAPE_CLAIMABLE
	assets:buckets:nodes_wine_claimable				4.6756939518000024e-8 NODES_WINE_CLAIMABLE
	assets:buckets:vineyard_grape_mim_lp_wine_claimable				3.7097622712e-8 VINEYARD_GRAPE_MIM_LP_WINE_CLAIMABLE
	assets:buckets:vineyard_grape_wine_lp_wine_claimable				3.091152843e-8 VINEYARD_GRAPE_WINE_LP_WINE_CLAIMABLE
	assets:buckets:vineyard_mim_wine_lp_wine_claimable				1.726582420000003e-8 VINEYARD_MIM_WINE_LP_WINE_CLAIMABLE
	assets:buckets:vineyard_grape_staked_wine_claimable				1.2738610839779785e-8 VINEYARD_GRAPE_STAKED_WINE_CLAIMABLE


2022-06-14 traderjoe.addLiquidity
	assets:wallet:avax				-0.01312964999999977 AVAX
	assets:buckets:nodes_grape_claimable				0.00001571400341552698 NODES_GRAPE_CLAIMABLE
	assets:buckets:nodes_wine_claimable				9.351387903599994e-8 NODES_WINE_CLAIMABLE
	assets:buckets:vineyard_grape_mim_lp_wine_claimable				7.419524537800002e-8 VINEYARD_GRAPE_MIM_LP_WINE_CLAIMABLE
	assets:buckets:vineyard_grape_wine_lp_wine_claimable				6.1823056861e-8 VINEYARD_GRAPE_WINE_LP_WINE_CLAIMABLE
	assets:buckets:vineyard_mim_wine_lp_wine_claimable				3.4531648400999983e-8 VINEYARD_MIM_WINE_LP_WINE_CLAIMABLE
	assets:buckets:vineyard_grape_staked_wine_claimable				2.5477221637926206e-8 VINEYARD_GRAPE_STAKED_WINE_CLAIMABLE


2022-06-14 traderjoe.addLiquidity[token1 mim][token2 wine][amount1 34853411994361671589][amount2 128925184705793922]
	assets:wallet:avax				-0.04821682499999991 AVAX
	assets:wallet:mim				-34.85341199436167 MIM
	assets:wallet:wine				-0.12842556710814923 WINE
	assets:wallet:mim_wine_lp				1.7670948649642275 MIM_WINE_LP
	assets:buckets:nodes_grape_claimable				0.00002357100512329004 NODES_GRAPE_CLAIMABLE
	assets:buckets:nodes_wine_claimable				1.4027081855399997e-7 NODES_WINE_CLAIMABLE
	assets:buckets:vineyard_grape_mim_lp_wine_claimable				1.1129286804500002e-7 VINEYARD_GRAPE_MIM_LP_WINE_CLAIMABLE
	assets:buckets:vineyard_grape_wine_lp_wine_claimable				9.2734585292e-8 VINEYARD_GRAPE_WINE_LP_WINE_CLAIMABLE
	assets:buckets:vineyard_mim_wine_lp_wine_claimable				5.1797472601000014e-8 VINEYARD_MIM_WINE_LP_WINE_CLAIMABLE
	assets:buckets:vineyard_grape_staked_wine_claimable				3.821583247770599e-8 VINEYARD_GRAPE_STAKED_WINE_CLAIMABLE


2022-06-14 approve grapefinance-vineyard.deposit
	assets:wallet:avax				-0.01038735000000024 AVAX
	assets:buckets:nodes_grape_claimable				0.00000785700170776284 NODES_GRAPE_CLAIMABLE
	assets:buckets:nodes_wine_claimable				4.6756939518000024e-8 NODES_WINE_CLAIMABLE
	assets:buckets:vineyard_grape_mim_lp_wine_claimable				3.7097622712e-8 VINEYARD_GRAPE_MIM_LP_WINE_CLAIMABLE
	assets:buckets:vineyard_grape_wine_lp_wine_claimable				3.091152843000001e-8 VINEYARD_GRAPE_WINE_LP_WINE_CLAIMABLE
	assets:buckets:vineyard_mim_wine_lp_wine_claimable				1.7265824199999978e-8 VINEYARD_MIM_WINE_LP_WINE_CLAIMABLE
	assets:buckets:vineyard_grape_staked_wine_claimable				1.2738610843249232e-8 VINEYARD_GRAPE_STAKED_WINE_CLAIMABLE


2022-06-14 grapefinance-vineyard.deposit[LP mim-wine-lp]
	assets:wallet:avax				-0.03376057500000007 AVAX
	assets:wallet:wine				3.4531648400448756e-7 WINE
	assets:wallet:mim_wine_lp				-1.7902954354415435 MIM_WINE_LP
	assets:buckets:nodes_grape_claimable				0.000015714003415525897 NODES_GRAPE_CLAIMABLE
	assets:buckets:nodes_wine_claimable				9.351387903600005e-8 NODES_WINE_CLAIMABLE
	assets:buckets:vineyard_grape_mim_lp_wine_claimable				7.419524537799997e-8 VINEYARD_GRAPE_MIM_LP_WINE_CLAIMABLE
	assets:buckets:vineyard_grape_wine_lp_wine_claimable				6.182305686299998e-8 VINEYARD_GRAPE_WINE_LP_WINE_CLAIMABLE
	assets:buckets:vineyard_mim_wine_lp_staked				1.7902954354415435 VINEYARD_MIM_WINE_LP_STAKED
	assets:buckets:vineyard_mim_wine_lp_wine_claimable				-3.10784835607e-7 VINEYARD_MIM_WINE_LP_WINE_CLAIMABLE
	assets:buckets:vineyard_grape_staked_wine_claimable				2.5477221683029017e-8 VINEYARD_GRAPE_STAKED_WINE_CLAIMABLE


2022-06-14 grapefinance-vineyard.withdraw[pid 0-grapemimlp]
	assets:wallet:avax				-0.01963215000000007 AVAX
	assets:wallet:wine				0.004071603949586777 WINE
	assets:buckets:nodes_wine_claimable				8.881109144287871e-7 NODES_WINE_CLAIMABLE
	assets:buckets:vineyard_grape_mim_lp_wine_claimable				-0.004070743687412472 VINEYARD_GRAPE_MIM_LP_WINE_CLAIMABLE
	assets:buckets:vineyard_grape_wine_lp_wine_claimable				2.5348901147798433e-7 VINEYARD_GRAPE_WINE_LP_WINE_CLAIMABLE
	assets:buckets:vineyard_mim_wine_lp_wine_claimable				3.280411544389749e-7 VINEYARD_MIM_WINE_LP_WINE_CLAIMABLE
	assets:buckets:vineyard_grape_staked_wine_claimable				2.420221067583883e-7 VINEYARD_GRAPE_STAKED_WINE_CLAIMABLE


2022-06-14 grapefinance-vineyard.withdraw[pid 1-mimwinelp]
	assets:wallet:avax				-0.019634850000000093 AVAX
	assets:wallet:wine				0.0015349947640154182 WINE
	assets:buckets:nodes_wine_claimable				4.674267970600221e-8 NODES_WINE_CLAIMABLE
	assets:buckets:vineyard_grape_mim_lp_wine_claimable				4.5276956536e-8 VINEYARD_GRAPE_MIM_LP_WINE_CLAIMABLE
	assets:buckets:vineyard_grape_wine_lp_wine_claimable				1.3341526919905325e-8 VINEYARD_GRAPE_WINE_LP_WINE_CLAIMABLE
	assets:buckets:vineyard_mim_wine_lp_wine_claimable				-0.00153497749869154 VINEYARD_MIM_WINE_LP_WINE_CLAIMABLE
	assets:buckets:vineyard_grape_staked_wine_claimable				1.2738005639861827e-8 VINEYARD_GRAPE_STAKED_WINE_CLAIMABLE


2022-06-14 grapefinance-vineyard.withdraw[pid 2-grapewinelp]
	assets:wallet:avax				-0.019634850000000093 AVAX
	assets:wallet:wine				0.0012093402773928341 WINE
	assets:buckets:nodes_wine_claimable				4.674267970686957e-8 NODES_WINE_CLAIMABLE
	assets:buckets:vineyard_grape_mim_lp_wine_claimable				4.5276956536e-8 VINEYARD_GRAPE_MIM_LP_WINE_CLAIMABLE
	assets:buckets:vineyard_grape_wine_lp_wine_claimable				-0.00120932693586588 VINEYARD_GRAPE_WINE_LP_WINE_CLAIMABLE
	assets:buckets:vineyard_mim_wine_lp_wine_claimable				1.7265323917e-8 VINEYARD_MIM_WINE_LP_WINE_CLAIMABLE
	assets:buckets:vineyard_grape_staked_wine_claimable				1.273800560169791e-8 VINEYARD_GRAPE_STAKED_WINE_CLAIMABLE


2022-06-14 grapefinance-winery.winery.claimReward
	assets:wallet:avax				-0.019068299999999816 AVAX
	assets:wallet:grape				3.477276990064169 GRAPE
	assets:buckets:nodes_wine_claimable				9.34853594146065e-8 NODES_WINE_CLAIMABLE
	assets:buckets:vineyard_grape_mim_lp_wine_claimable				9.0553913072e-8 VINEYARD_GRAPE_MIM_LP_WINE_CLAIMABLE
	assets:buckets:vineyard_grape_wine_lp_wine_claimable				2.6683053839e-8 VINEYARD_GRAPE_WINE_LP_WINE_CLAIMABLE
	assets:buckets:vineyard_mim_wine_lp_wine_claimable				3.453064783500001e-8 VINEYARD_MIM_WINE_LP_WINE_CLAIMABLE
	assets:buckets:vineyard_grape_staked_wine_claimable				2.547601123809029e-8 VINEYARD_GRAPE_STAKED_WINE_CLAIMABLE
	assets:buckets:winery_grape_claimable				-3.4772769900641753 WINERY_GRAPE_CLAIMABLE


2022-06-14 grapefinance-winenode.nodes_wine.claim
	assets:wallet:avax				-0.02560072499999988 AVAX
	assets:wallet:wine				0.0042800175881949065 WINE
	assets:buckets:nodes_wine_claimable				-0.004279970845515228 NODES_WINE_CLAIMABLE
	assets:buckets:vineyard_grape_mim_lp_wine_claimable				4.5276956536e-8 VINEYARD_GRAPE_MIM_LP_WINE_CLAIMABLE
	assets:buckets:vineyard_grape_wine_lp_wine_claimable				1.334152692e-8 VINEYARD_GRAPE_WINE_LP_WINE_CLAIMABLE
	assets:buckets:vineyard_mim_wine_lp_wine_claimable				1.7265323919e-8 VINEYARD_MIM_WINE_LP_WINE_CLAIMABLE
	assets:buckets:vineyard_grape_staked_wine_claimable				1.2738005639861827e-8 VINEYARD_GRAPE_STAKED_WINE_CLAIMABLE


2022-06-14 nodeContract.approve
	assets:wallet:avax				-0.010401525000000245 AVAX
	assets:buckets:nodes_wine_claimable				4.6733136409e-8 NODES_WINE_CLAIMABLE
	assets:buckets:vineyard_grape_mim_lp_wine_claimable				4.5276956536e-8 VINEYARD_GRAPE_MIM_LP_WINE_CLAIMABLE
	assets:buckets:vineyard_grape_wine_lp_wine_claimable				1.334152692e-8 VINEYARD_GRAPE_WINE_LP_WINE_CLAIMABLE
	assets:buckets:vineyard_mim_wine_lp_wine_claimable				1.7265323916999996e-8 VINEYARD_MIM_WINE_LP_WINE_CLAIMABLE
	assets:buckets:vineyard_grape_staked_wine_claimable				1.273800560169791e-8 VINEYARD_GRAPE_STAKED_WINE_CLAIMABLE


2022-06-14 grapefinance-grapenode.create[nodeTier 0][numNodes 1]
	assets:wallet:avax				-0.04883152500000021 AVAX
	assets:wallet:grape				-50 GRAPE
	assets:buckets:nodes_grape				1 NODES_GRAPE
	assets:buckets:nodes_grape_claimable				0.000243488396523443 NODES_GRAPE_CLAIMABLE
	assets:buckets:nodes_wine_claimable				9.3466272819e-8 NODES_WINE_CLAIMABLE
	assets:buckets:vineyard_grape_mim_lp_wine_claimable				9.055391307199998e-8 VINEYARD_GRAPE_MIM_LP_WINE_CLAIMABLE
	assets:buckets:vineyard_grape_wine_lp_wine_claimable				2.6683053839999995e-8 VINEYARD_GRAPE_WINE_LP_WINE_CLAIMABLE
	assets:buckets:vineyard_mim_wine_lp_wine_claimable				3.4530647834999994e-8 VINEYARD_MIM_WINE_LP_WINE_CLAIMABLE
	assets:buckets:vineyard_grape_staked_wine_claimable				2.5476011241559737e-8 VINEYARD_GRAPE_STAKED_WINE_CLAIMABLE


2022-06-14 grapefinance-vineyard.withdraw[pid 0-grapemimlp]
	assets:wallet:avax				-0.023130000000000095 AVAX
	assets:wallet:wine				4.0749260882266825e-7 WINE
	assets:wallet:grape_mim_lp				9.232494648220538 GRAPE_MIM_LP
	assets:buckets:nodes_grape_claimable				0.000015708928807964018 NODES_GRAPE_CLAIMABLE
	assets:buckets:nodes_wine_claimable				9.3466272819e-8 NODES_WINE_CLAIMABLE
	assets:buckets:vineyard_grape_mim_lp_staked				-9.232494648220538 VINEYARD_GRAPE_MIM_LP_STAKED
	assets:buckets:vineyard_grape_mim_lp_wine_claimable				-3.16938695752e-7 VINEYARD_GRAPE_MIM_LP_WINE_CLAIMABLE
	assets:buckets:vineyard_grape_wine_lp_wine_claimable				2.668305384e-8 VINEYARD_GRAPE_WINE_LP_WINE_CLAIMABLE
	assets:buckets:vineyard_mim_wine_lp_wine_claimable				3.453064783600001e-8 VINEYARD_MIM_WINE_LP_WINE_CLAIMABLE
	assets:buckets:vineyard_grape_staked_wine_claimable				2.5476011241559737e-8 VINEYARD_GRAPE_STAKED_WINE_CLAIMABLE


2022-06-14 approve traderjoe.removeLiquidity
	assets:wallet:avax				-0.010387349999999795 AVAX
	assets:buckets:nodes_grape_claimable				0.000007854464403981968 NODES_GRAPE_CLAIMABLE
	assets:buckets:nodes_wine_claimable				4.673313640999999e-8 NODES_WINE_CLAIMABLE
	assets:buckets:vineyard_grape_mim_lp_wine_claimable				3.781265204e-8 VINEYARD_GRAPE_MIM_LP_WINE_CLAIMABLE
	assets:buckets:vineyard_grape_wine_lp_wine_claimable				1.3341526920000007e-8 VINEYARD_GRAPE_WINE_LP_WINE_CLAIMABLE
	assets:buckets:vineyard_mim_wine_lp_wine_claimable				1.7265323916999983e-8 VINEYARD_MIM_WINE_LP_WINE_CLAIMABLE
	assets:buckets:vineyard_grape_staked_wine_claimable				1.2738005598228463e-8 VINEYARD_GRAPE_STAKED_WINE_CLAIMABLE


2022-06-14 traderjoe.removeLiquidity[LP grape-mim-lp]
	assets:wallet:avax				-0.04420417499999996 AVAX
	assets:wallet:mim				11.892908170891737 MIM
	assets:wallet:grape				11.117886173851897 GRAPE
	assets:wallet:grape_mim_lp				-9.232494648220538 GRAPE_MIM_LP
	assets:buckets:nodes_grape_claimable				0.00001570892880796399 NODES_GRAPE_CLAIMABLE
	assets:buckets:nodes_wine_claimable				9.3466272819e-8 NODES_WINE_CLAIMABLE
	assets:buckets:vineyard_grape_mim_lp_wine_claimable				7.5625304127e-8 VINEYARD_GRAPE_MIM_LP_WINE_CLAIMABLE
	assets:buckets:vineyard_grape_wine_lp_wine_claimable				2.6683053840000015e-8 VINEYARD_GRAPE_WINE_LP_WINE_CLAIMABLE
	assets:buckets:vineyard_mim_wine_lp_wine_claimable				3.4530647834999994e-8 VINEYARD_MIM_WINE_LP_WINE_CLAIMABLE
	assets:buckets:vineyard_grape_staked_wine_claimable				2.5476011199926374e-8 VINEYARD_GRAPE_STAKED_WINE_CLAIMABLE


2022-06-14 approve traderjoe.swapExactTokensForTokens
	assets:wallet:avax				-0.006577874999999622 AVAX
	assets:buckets:nodes_grape_claimable				0.000007854464403981968 NODES_GRAPE_CLAIMABLE
	assets:buckets:nodes_wine_claimable				4.673313640999999e-8 NODES_WINE_CLAIMABLE
	assets:buckets:vineyard_grape_mim_lp_wine_claimable				3.7812652088000004e-8 VINEYARD_GRAPE_MIM_LP_WINE_CLAIMABLE
	assets:buckets:vineyard_grape_wine_lp_wine_claimable				1.3341526919999981e-8 VINEYARD_GRAPE_WINE_LP_WINE_CLAIMABLE
	assets:buckets:vineyard_mim_wine_lp_wine_claimable				1.726532391800001e-8 VINEYARD_MIM_WINE_LP_WINE_CLAIMABLE
	assets:buckets:vineyard_grape_staked_wine_claimable				1.2738005639861827e-8 VINEYARD_GRAPE_STAKED_WINE_CLAIMABLE


2022-06-14 traderjoe.swapExactTokensForTokens[tokenInAmount 22899538695063743177][tokenIn mim][tokenOut grape]
	assets:wallet:avax				-0.030133124999999872 AVAX
	assets:wallet:mim				-22.899538695063747 MIM
	assets:wallet:grape				21.34267834036514 GRAPE
	assets:buckets:nodes_grape_claimable				0.00001570892880796399 NODES_GRAPE_CLAIMABLE
	assets:buckets:nodes_wine_claimable				9.346627281999998e-8 NODES_WINE_CLAIMABLE
	assets:buckets:vineyard_grape_mim_lp_wine_claimable				7.5625304175e-8 VINEYARD_GRAPE_MIM_LP_WINE_CLAIMABLE
	assets:buckets:vineyard_grape_wine_lp_wine_claimable				2.6683053838999986e-8 VINEYARD_GRAPE_WINE_LP_WINE_CLAIMABLE
	assets:buckets:vineyard_mim_wine_lp_wine_claimable				3.4530647835999996e-8 VINEYARD_MIM_WINE_LP_WINE_CLAIMABLE
	assets:buckets:vineyard_grape_staked_wine_claimable				2.547601123809029e-8 VINEYARD_GRAPE_STAKED_WINE_CLAIMABLE


2022-06-14 traderjoe.addLiquidity
	assets:wallet:avax				-0.010406924999999845 AVAX
	assets:buckets:nodes_grape_claimable				0.000007854464403982023 NODES_GRAPE_CLAIMABLE
	assets:buckets:nodes_wine_claimable				4.673313640900001e-8 NODES_WINE_CLAIMABLE
	assets:buckets:vineyard_grape_mim_lp_wine_claimable				3.7812652087e-8 VINEYARD_GRAPE_MIM_LP_WINE_CLAIMABLE
	assets:buckets:vineyard_grape_wine_lp_wine_claimable				1.3341526920000007e-8 VINEYARD_GRAPE_WINE_LP_WINE_CLAIMABLE
	assets:buckets:vineyard_mim_wine_lp_wine_claimable				1.726532391700001e-8 VINEYARD_MIM_WINE_LP_WINE_CLAIMABLE
	assets:buckets:vineyard_grape_staked_wine_claimable				1.2738005639861827e-8 VINEYARD_GRAPE_STAKED_WINE_CLAIMABLE


2022-06-14 traderjoe.addLiquidity
	assets:wallet:avax				-0.020806199999999997 AVAX
	assets:buckets:nodes_grape_claimable				0.00001570892880796399 NODES_GRAPE_CLAIMABLE
	assets:buckets:nodes_wine_claimable				9.3466272819e-8 NODES_WINE_CLAIMABLE
	assets:buckets:vineyard_grape_mim_lp_wine_claimable				7.5625304127e-8 VINEYARD_GRAPE_MIM_LP_WINE_CLAIMABLE
	assets:buckets:vineyard_grape_wine_lp_wine_claimable				2.6683053840000015e-8 VINEYARD_GRAPE_WINE_LP_WINE_CLAIMABLE
	assets:buckets:vineyard_mim_wine_lp_wine_claimable				3.453064783600002e-8 VINEYARD_MIM_WINE_LP_WINE_CLAIMABLE
	assets:buckets:vineyard_grape_staked_wine_claimable				2.5476011241559737e-8 VINEYARD_GRAPE_STAKED_WINE_CLAIMABLE


2022-06-14 traderjoe.addLiquidity[token1 grape][token2 wine][amount1 21471681986686032673][amount2 128962611548362027]
	assets:wallet:avax				-0.05579032499999981 AVAX
	assets:wallet:grape				-21.47168198668603 GRAPE
	assets:wallet:wine				-0.0851382641606942 WINE
	assets:wallet:grape_wine_lp				1.2392793254111827 GRAPE_WINE_LP
	assets:buckets:nodes_grape_claimable				0.000023563393211946013 NODES_GRAPE_CLAIMABLE
	assets:buckets:nodes_wine_claimable				1.40199409229e-7 NODES_WINE_CLAIMABLE
	assets:buckets:vineyard_grape_mim_lp_wine_claimable				1.1343795621399997e-7 VINEYARD_GRAPE_MIM_LP_WINE_CLAIMABLE
	assets:buckets:vineyard_grape_wine_lp_wine_claimable				4.0024580759999995e-8 VINEYARD_GRAPE_WINE_LP_WINE_CLAIMABLE
	assets:buckets:vineyard_mim_wine_lp_wine_claimable				5.179597175300003e-8 VINEYARD_MIM_WINE_LP_WINE_CLAIMABLE
	assets:buckets:vineyard_grape_staked_wine_claimable				3.8214016881421564e-8 VINEYARD_GRAPE_STAKED_WINE_CLAIMABLE


2022-06-14 approve grapefinance-vineyard.deposit
	assets:wallet:avax				-0.01038735000000024 AVAX
	assets:buckets:nodes_grape_claimable				0.000007854464403981968 NODES_GRAPE_CLAIMABLE
	assets:buckets:nodes_wine_claimable				4.6733136409000065e-8 NODES_WINE_CLAIMABLE
	assets:buckets:vineyard_grape_mim_lp_wine_claimable				3.7812652087e-8 VINEYARD_GRAPE_MIM_LP_WINE_CLAIMABLE
	assets:buckets:vineyard_grape_wine_lp_wine_claimable				1.3341526920000007e-8 VINEYARD_GRAPE_WINE_LP_WINE_CLAIMABLE
	assets:buckets:vineyard_mim_wine_lp_wine_claimable				1.7265323917999985e-8 VINEYARD_MIM_WINE_LP_WINE_CLAIMABLE
	assets:buckets:vineyard_grape_staked_wine_claimable				1.2738005598228463e-8 VINEYARD_GRAPE_STAKED_WINE_CLAIMABLE


2022-06-14 grapefinance-vineyard.deposit[LP grape-wine-lp]
	assets:wallet:avax				-0.03376057500000007 AVAX
	assets:wallet:wine				2.1346443071501575e-7 WINE
	assets:wallet:grape_wine_lp				-1.2907658898484053 GRAPE_WINE_LP
	assets:buckets:nodes_grape_claimable				0.000015708928807964967 NODES_GRAPE_CLAIMABLE
	assets:buckets:nodes_wine_claimable				9.346627281900005e-8 NODES_WINE_CLAIMABLE
	assets:buckets:vineyard_grape_mim_lp_wine_claimable				7.562530417500003e-8 VINEYARD_GRAPE_MIM_LP_WINE_CLAIMABLE
	assets:buckets:vineyard_grape_wine_lp_staked				1.2907658898484056 VINEYARD_GRAPE_WINE_LP_STAKED
	assets:buckets:vineyard_grape_wine_lp_wine_claimable				-1.86781376878e-7 VINEYARD_GRAPE_WINE_LP_WINE_CLAIMABLE
	assets:buckets:vineyard_mim_wine_lp_wine_claimable				3.4530647834999994e-8 VINEYARD_MIM_WINE_LP_WINE_CLAIMABLE
	assets:buckets:vineyard_grape_staked_wine_claimable				2.547601123809029e-8 VINEYARD_GRAPE_STAKED_WINE_CLAIMABLE


2022-06-14 traderjoe.addLiquidity
	assets:wallet:avax				-0.006577875000000066 AVAX
	assets:buckets:nodes_grape_claimable				0.000007854464403982023 NODES_GRAPE_CLAIMABLE
	assets:buckets:nodes_wine_claimable				4.673313640999999e-8 NODES_WINE_CLAIMABLE
	assets:buckets:vineyard_grape_mim_lp_wine_claimable				3.7812652087e-8 VINEYARD_GRAPE_MIM_LP_WINE_CLAIMABLE
	assets:buckets:vineyard_grape_wine_lp_wine_claimable				3.0548860694e-8 VINEYARD_GRAPE_WINE_LP_WINE_CLAIMABLE
	assets:buckets:vineyard_mim_wine_lp_wine_claimable				1.726532391899996e-8 VINEYARD_MIM_WINE_LP_WINE_CLAIMABLE
	assets:buckets:vineyard_grape_staked_wine_claimable				1.273800560169791e-8 VINEYARD_GRAPE_STAKED_WINE_CLAIMABLE


2022-06-14 traderjoe.addLiquidity
	assets:wallet:avax				-0.013129650000000215 AVAX
	assets:buckets:nodes_grape_claimable				0.000015708928807964045 NODES_GRAPE_CLAIMABLE
	assets:buckets:nodes_wine_claimable				9.346627281899995e-8 NODES_WINE_CLAIMABLE
	assets:buckets:vineyard_grape_mim_lp_wine_claimable				7.5625304127e-8 VINEYARD_GRAPE_MIM_LP_WINE_CLAIMABLE
	assets:buckets:vineyard_grape_wine_lp_wine_claimable				6.1097721389e-8 VINEYARD_GRAPE_WINE_LP_WINE_CLAIMABLE
	assets:buckets:vineyard_mim_wine_lp_wine_claimable				3.453064783599997e-8 VINEYARD_MIM_WINE_LP_WINE_CLAIMABLE
	assets:buckets:vineyard_grape_staked_wine_claimable				2.5476011241559737e-8 VINEYARD_GRAPE_STAKED_WINE_CLAIMABLE


2022-06-14 traderjoe.addLiquidity[token1 mim][token2 wine][amount1 34388084835956938434][amount2 128962611548362027]
	assets:wallet:avax				-0.04821682499999991 AVAX
	assets:wallet:mim				-34.38808483595694 MIM
	assets:wallet:wine				-0.12846453158187077 WINE
	assets:wallet:mim_wine_lp				1.7554865175659922 MIM_WINE_LP
	assets:buckets:nodes_grape_claimable				0.000023563393211946013 NODES_GRAPE_CLAIMABLE
	assets:buckets:nodes_wine_claimable				1.4019940922899993e-7 NODES_WINE_CLAIMABLE
	assets:buckets:vineyard_grape_mim_lp_wine_claimable				1.13437956214e-7 VINEYARD_GRAPE_MIM_LP_WINE_CLAIMABLE
	assets:buckets:vineyard_grape_wine_lp_wine_claimable				9.1646582087e-8 VINEYARD_GRAPE_WINE_LP_WINE_CLAIMABLE
	assets:buckets:vineyard_mim_wine_lp_wine_claimable				5.179597175299998e-8 VINEYARD_MIM_WINE_LP_WINE_CLAIMABLE
	assets:buckets:vineyard_grape_staked_wine_claimable				3.82140168397882e-8 VINEYARD_GRAPE_STAKED_WINE_CLAIMABLE


2022-06-14 approve grapefinance-vineyard.deposit
	assets:wallet:avax				-0.010384650000000217 AVAX
	assets:buckets:nodes_grape_claimable				0.000007854464403982023 NODES_GRAPE_CLAIMABLE
	assets:buckets:nodes_wine_claimable				4.6733136410000094e-8 NODES_WINE_CLAIMABLE
	assets:buckets:vineyard_grape_mim_lp_wine_claimable				3.781265208699995e-8 VINEYARD_GRAPE_MIM_LP_WINE_CLAIMABLE
	assets:buckets:vineyard_grape_wine_lp_wine_claimable				3.054886069500001e-8 VINEYARD_GRAPE_WINE_LP_WINE_CLAIMABLE
	assets:buckets:vineyard_mim_wine_lp_wine_claimable				1.7265323919000013e-8 VINEYARD_MIM_WINE_LP_WINE_CLAIMABLE
	assets:buckets:vineyard_grape_staked_wine_claimable				1.2738005639861827e-8 VINEYARD_GRAPE_STAKED_WINE_CLAIMABLE


2022-06-14 grapefinance-vineyard.deposit[LP mim-wine-lp]
	assets:wallet:avax				-0.033755175000000026 AVAX
	assets:wallet:wine				3.798371261964917e-7 WINE
	assets:wallet:mim_wine_lp				-1.778692892217007 MIM_WINE_LP
	assets:buckets:nodes_grape_claimable				0.00001570892880796399 NODES_GRAPE_CLAIMABLE
	assets:buckets:nodes_wine_claimable				9.346627281900005e-8 NODES_WINE_CLAIMABLE
	assets:buckets:vineyard_grape_mim_lp_wine_claimable				7.5625304174e-8 VINEYARD_GRAPE_MIM_LP_WINE_CLAIMABLE
	assets:buckets:vineyard_grape_wine_lp_wine_claimable				6.109772139200001e-8 VINEYARD_GRAPE_WINE_LP_WINE_CLAIMABLE
	assets:buckets:vineyard_mim_wine_lp_staked				1.778692892217007 VINEYARD_MIM_WINE_LP_STAKED
	assets:buckets:vineyard_mim_wine_lp_wine_claimable				-3.45306478354e-7 VINEYARD_MIM_WINE_LP_WINE_CLAIMABLE
	assets:buckets:vineyard_grape_staked_wine_claimable				2.5476011241559737e-8 VINEYARD_GRAPE_STAKED_WINE_CLAIMABLE


2022-06-14 grapefinance-vineyard.withdraw[pid 0-grapemimlp]
	assets:wallet:avax				-0.01963215000000007 AVAX
	assets:wallet:wine				0.004079617970894567 WINE
	assets:buckets:nodes_wine_claimable				4.6742679706782836e-7 NODES_WINE_CLAIMABLE
	assets:buckets:vineyard_grape_mim_lp_wine_claimable				-0.004079165201329232 VINEYARD_GRAPE_MIM_LP_WINE_CLAIMABLE
	assets:buckets:vineyard_grape_wine_lp_wine_claimable				1.0673221535902576e-7 VINEYARD_GRAPE_WINE_LP_WINE_CLAIMABLE
	assets:buckets:vineyard_mim_wine_lp_wine_claimable				1.381225913431143e-7 VINEYARD_MIM_WINE_LP_WINE_CLAIMABLE
	assets:buckets:vineyard_grape_staked_wine_claimable				1.0190293639814052e-7 VINEYARD_GRAPE_STAKED_WINE_CLAIMABLE


2022-06-14 grapefinance-vineyard.withdraw[pid 1-mimwinelp]
	assets:wallet:avax				-0.019634850000000093 AVAX
	assets:wallet:wine				0.0015382406449120367 WINE
	assets:buckets:nodes_wine_claimable				4.206841173609588e-7 NODES_WINE_CLAIMABLE
	assets:buckets:vineyard_grape_mim_lp_wine_claimable				4.07492348816e-7 VINEYARD_GRAPE_MIM_LP_WINE_CLAIMABLE
	assets:buckets:vineyard_grape_wine_lp_wine_claimable				1.2007374227893108e-7 VINEYARD_GRAPE_WINE_LP_WINE_CLAIMABLE
	assets:buckets:vineyard_mim_wine_lp_wine_claimable				-0.00153808525699674 VINEYARD_MIM_WINE_LP_WINE_CLAIMABLE
	assets:buckets:vineyard_grape_staked_wine_claimable				1.1464080348216887e-7 VINEYARD_GRAPE_STAKED_WINE_CLAIMABLE


2022-06-14 grapefinance-vineyard.withdraw[pid 2-grapewinelp]
	assets:wallet:avax				-0.019634850000000093 AVAX
	assets:wallet:wine				0.0012119552166690584 WINE
	assets:buckets:nodes_wine_claimable				5.609121564807001e-7 NODES_WINE_CLAIMABLE
	assets:buckets:vineyard_grape_mim_lp_wine_claimable				5.43322438456e-7 VINEYARD_GRAPE_MIM_LP_WINE_CLAIMABLE
	assets:buckets:vineyard_grape_wine_lp_wine_claimable				-0.0012117951183460629 VINEYARD_GRAPE_WINE_LP_WINE_CLAIMABLE
	assets:buckets:vineyard_mim_wine_lp_wine_claimable				2.07183887012e-7 VINEYARD_MIM_WINE_LP_WINE_CLAIMABLE
	assets:buckets:vineyard_grape_staked_wine_claimable				1.5285440467874278e-7 VINEYARD_GRAPE_STAKED_WINE_CLAIMABLE


2022-06-14 grapefinance-winery.winery.claimReward
	assets:wallet:avax				-0.02354579999999995 AVAX
	assets:wallet:grape				3.477276990064169 GRAPE
	assets:buckets:nodes_wine_claimable				5.141694767738306e-7 NODES_WINE_CLAIMABLE
	assets:buckets:vineyard_grape_mim_lp_wine_claimable				4.980455686079999e-7 VINEYARD_GRAPE_MIM_LP_WINE_CLAIMABLE
	assets:buckets:vineyard_grape_wine_lp_wine_claimable				1.46756796119e-7 VINEYARD_GRAPE_WINE_LP_WINE_CLAIMABLE
	assets:buckets:vineyard_mim_wine_lp_wine_claimable				1.89918563096e-7 VINEYARD_MIM_WINE_LP_WINE_CLAIMABLE
	assets:buckets:vineyard_grape_staked_wine_claimable				1.4011653756001996e-7 VINEYARD_GRAPE_STAKED_WINE_CLAIMABLE
	assets:buckets:winery_grape_claimable				-3.4772769900641753 WINERY_GRAPE_CLAIMABLE


2022-06-14 grapefinance-winenode.nodes_wine.claim
	assets:wallet:avax				-0.02560072499999988 AVAX
	assets:wallet:wine				0.004290067264331898 WINE
	assets:buckets:nodes_wine_claimable				-0.004289553148609197 NODES_WINE_CLAIMABLE
	assets:buckets:vineyard_grape_mim_lp_wine_claimable				4.97994162512e-7 VINEYARD_GRAPE_MIM_LP_WINE_CLAIMABLE
	assets:buckets:vineyard_grape_wine_lp_wine_claimable				1.4675679611900003e-7 VINEYARD_GRAPE_WINE_LP_WINE_CLAIMABLE
	assets:buckets:vineyard_mim_wine_lp_wine_claimable				1.8991856309499996e-7 VINEYARD_MIM_WINE_LP_WINE_CLAIMABLE
	assets:buckets:vineyard_grape_staked_wine_claimable				1.4011653759818388e-7 VINEYARD_GRAPE_STAKED_WINE_CLAIMABLE


2022-06-14 nodeContract.approve
	assets:wallet:avax				-0.0104015249999998 AVAX
	assets:buckets:nodes_wine_claimable				2.3362380839799997e-7 NODES_WINE_CLAIMABLE
	assets:buckets:vineyard_grape_mim_lp_wine_claimable				5.432538970879998e-7 VINEYARD_GRAPE_MIM_LP_WINE_CLAIMABLE
	assets:buckets:vineyard_grape_wine_lp_wine_claimable				1.0673221535999995e-7 VINEYARD_GRAPE_WINE_LP_WINE_CLAIMABLE
	assets:buckets:vineyard_mim_wine_lp_wine_claimable				2.0718388701399997e-7 VINEYARD_MIM_WINE_LP_WINE_CLAIMABLE
	assets:buckets:vineyard_grape_staked_wine_claimable				1.0190293640160997e-7 VINEYARD_GRAPE_STAKED_WINE_CLAIMABLE


2022-06-14 grapefinance-grapenode.create[nodeTier 0][numNodes 1]
	assets:wallet:avax				-0.04991152500000018 AVAX
	assets:wallet:grape				-50 GRAPE
	assets:buckets:nodes_grape				1 NODES_GRAPE
	assets:buckets:nodes_grape_claimable				0.001885113220452138 NODES_GRAPE_CLAIMABLE
	assets:buckets:nodes_wine_claimable				7.475905798999999e-7 NODES_WINE_CLAIMABLE
	assets:buckets:vineyard_grape_mim_lp_wine_claimable				9.054231617759998e-7 VINEYARD_GRAPE_MIM_LP_WINE_CLAIMABLE
	assets:buckets:vineyard_grape_wine_lp_wine_claimable				2.1346443071899998e-7 VINEYARD_GRAPE_WINE_LP_WINE_CLAIMABLE
	assets:buckets:vineyard_mim_wine_lp_wine_claimable				3.45306478356e-7 VINEYARD_MIM_WINE_LP_WINE_CLAIMABLE
	assets:buckets:vineyard_grape_staked_wine_claimable				2.0380587284138385e-7 VINEYARD_GRAPE_STAKED_WINE_CLAIMABLE


2022-06-14 grapefinance-vineyard.withdraw[pid 0-grapemimlp]
	assets:wallet:avax				-0.02312999999999965 AVAX
	assets:wallet:wine				0.0000035313624469068827 WINE
	assets:wallet:grape_mim_lp				9.21437451421642 GRAPE_MIM_LP
	assets:buckets:nodes_grape_claimable				0.00004712783051130285 NODES_GRAPE_CLAIMABLE
	assets:buckets:nodes_wine_claimable				5.1396466889e-7 NODES_WINE_CLAIMABLE
	assets:buckets:vineyard_grape_mim_lp_staked				-9.214374514216424 VINEYARD_GRAPE_MIM_LP_STAKED
	assets:buckets:vineyard_grape_mim_lp_wine_claimable				-0.000003274632899354 VINEYARD_GRAPE_MIM_LP_WINE_CLAIMABLE
	assets:buckets:vineyard_grape_wine_lp_wine_claimable				8.004916151899996e-8 VINEYARD_GRAPE_WINE_LP_WINE_CLAIMABLE
	assets:buckets:vineyard_mim_wine_lp_wine_claimable				1.0359194350599996e-7 VINEYARD_MIM_WINE_LP_WINE_CLAIMABLE
	assets:buckets:vineyard_grape_staked_wine_claimable				7.642720232028943e-8 VINEYARD_GRAPE_STAKED_WINE_CLAIMABLE


2022-06-14 approve traderjoe.removeLiquidity
	assets:wallet:avax				-0.01038735000000024 AVAX
	assets:buckets:nodes_grape_claimable				0.000094255661022607 NODES_GRAPE_CLAIMABLE
	assets:buckets:nodes_wine_claimable				3.2706842565699976e-7 NODES_WINE_CLAIMABLE
	assets:buckets:vineyard_grape_mim_lp_wine_claimable				4.5386949070700006e-7 VINEYARD_GRAPE_MIM_LP_WINE_CLAIMABLE
	assets:buckets:vineyard_grape_wine_lp_wine_claimable				1.6009832303900006e-7 VINEYARD_GRAPE_WINE_LP_WINE_CLAIMABLE
	assets:buckets:vineyard_mim_wine_lp_wine_claimable				2.0718388701399997e-7 VINEYARD_MIM_WINE_LP_WINE_CLAIMABLE
	assets:buckets:vineyard_grape_staked_wine_claimable				1.5285440464057887e-7 VINEYARD_GRAPE_STAKED_WINE_CLAIMABLE


2022-06-14 traderjoe.removeLiquidity[LP grape-mim-lp]
	assets:wallet:avax				-0.04856962500000028 AVAX
	assets:wallet:mim				11.868161279179972 MIM
	assets:wallet:grape				11.097384288906404 GRAPE
	assets:wallet:grape_mim_lp				-9.21437451421642 GRAPE_MIM_LP
	assets:buckets:nodes_grape_claimable				0.000149238129952461 NODES_GRAPE_CLAIMABLE
	assets:buckets:nodes_wine_claimable				7.475849729299998e-7 NODES_WINE_CLAIMABLE
	assets:buckets:vineyard_grape_mim_lp_wine_claimable				7.186266936150001e-7 VINEYARD_GRAPE_MIM_LP_WINE_CLAIMABLE
	assets:buckets:vineyard_grape_wine_lp_wine_claimable				2.53489011478e-7 VINEYARD_GRAPE_WINE_LP_WINE_CLAIMABLE
	assets:buckets:vineyard_mim_wine_lp_wine_claimable				3.2804115443799996e-7 VINEYARD_MIM_WINE_LP_WINE_CLAIMABLE
	assets:buckets:vineyard_grape_staked_wine_claimable				2.420194740414272e-7 VINEYARD_GRAPE_STAKED_WINE_CLAIMABLE


2022-06-14 approve traderjoe.swapExactTokensForTokens
	assets:wallet:avax				-0.006577875000000066 AVAX
	assets:buckets:nodes_grape_claimable				0.00006283710734840539 NODES_GRAPE_CLAIMABLE
	assets:buckets:nodes_wine_claimable				3.737924864650001e-7 NODES_WINE_CLAIMABLE
	assets:buckets:vineyard_grape_mim_lp_wine_claimable				3.0257966043999993e-7 VINEYARD_GRAPE_MIM_LP_WINE_CLAIMABLE
	assets:buckets:vineyard_grape_wine_lp_wine_claimable				1.7343984995900004e-7 VINEYARD_GRAPE_WINE_LP_WINE_CLAIMABLE
	assets:buckets:vineyard_mim_wine_lp_wine_claimable				1.3812259134299995e-7 VINEYARD_MIM_WINE_LP_WINE_CLAIMABLE
	assets:buckets:vineyard_grape_staked_wine_claimable				1.655922716795044e-7 VINEYARD_GRAPE_STAKED_WINE_CLAIMABLE


2022-06-14 traderjoe.swapExactTokensForTokens[tokenInAmount 22890073184626103853][tokenIn mim][tokenOut grape]
	assets:wallet:avax				-0.030763125000000002 AVAX
	assets:wallet:mim				-22.890073184626104 MIM
	assets:wallet:grape				21.338918160151298 GRAPE
	assets:buckets:nodes_grape_claimable				0.00012567421469681034 NODES_GRAPE_CLAIMABLE
	assets:buckets:nodes_wine_claimable				7.475849729300002e-7 NODES_WINE_CLAIMABLE
	assets:buckets:vineyard_grape_mim_lp_wine_claimable				6.05159320927e-7 VINEYARD_GRAPE_MIM_LP_WINE_CLAIMABLE
	assets:buckets:vineyard_grape_wine_lp_wine_claimable				2.8017206531799996e-7 VINEYARD_GRAPE_WINE_LP_WINE_CLAIMABLE
	assets:buckets:vineyard_mim_wine_lp_wine_claimable				2.76245182685e-7 VINEYARD_MIM_WINE_LP_WINE_CLAIMABLE
	assets:buckets:vineyard_grape_staked_wine_claimable				3.0570880928115773e-7 VINEYARD_GRAPE_STAKED_WINE_CLAIMABLE


2022-06-14 traderjoe.addLiquidity
	assets:wallet:avax				-0.010406924999999845 AVAX
	assets:buckets:nodes_grape_claimable				0.00008640102260405605 NODES_GRAPE_CLAIMABLE
	assets:buckets:nodes_wine_claimable				2.8034436484899985e-7 NODES_WINE_CLAIMABLE
	assets:buckets:vineyard_grape_mim_lp_wine_claimable				4.160470331749999e-7 VINEYARD_GRAPE_MIM_LP_WINE_CLAIMABLE
	assets:buckets:vineyard_grape_wine_lp_wine_claimable				1.4675679611900008e-7 VINEYARD_GRAPE_WINE_LP_WINE_CLAIMABLE
	assets:buckets:vineyard_mim_wine_lp_wine_claimable				1.89918563095e-7 VINEYARD_MIM_WINE_LP_WINE_CLAIMABLE
	assets:buckets:vineyard_grape_staked_wine_claimable				7.64272023619228e-8 VINEYARD_GRAPE_STAKED_WINE_CLAIMABLE


2022-06-14 traderjoe.addLiquidity
	assets:wallet:avax				-0.020806199999999997 AVAX
	assets:buckets:nodes_grape_claimable				0.00017280204520811167 NODES_GRAPE_CLAIMABLE
	assets:buckets:nodes_wine_claimable				7.008609121219999e-7 NODES_WINE_CLAIMABLE
	assets:buckets:vineyard_grape_mim_lp_wine_claimable				8.320940663039998e-7 VINEYARD_GRAPE_MIM_LP_WINE_CLAIMABLE
	assets:buckets:vineyard_grape_wine_lp_wine_claimable				2.9351359223800016e-7 VINEYARD_GRAPE_WINE_LP_WINE_CLAIMABLE
	assets:buckets:vineyard_mim_wine_lp_wine_claimable				3.7983712619199987e-7 VINEYARD_MIM_WINE_LP_WINE_CLAIMABLE
	assets:buckets:vineyard_grape_staked_wine_claimable				2.1654373992194276e-7 VINEYARD_GRAPE_STAKED_WINE_CLAIMABLE


2022-06-14 traderjoe.addLiquidity[token1 grape][token2 wine][amount1 21467898925508219321][amount2 128974573807170839]
	assets:wallet:avax				-0.05750032499999991 AVAX
	assets:wallet:grape				-21.46789892550822 GRAPE
	assets:wallet:wine				-0.08512326378661586 WINE
	assets:wallet:grape_wine_lp				1.2390609787764226 GRAPE_WINE_LP
	assets:buckets:nodes_grape_claimable				0.00021992987571941604 NODES_GRAPE_CLAIMABLE
	assets:buckets:nodes_wine_claimable				0.0000010746533985870004 NODES_WINE_CLAIMABLE
	assets:buckets:vineyard_grape_mim_lp_wine_claimable				0.00000105902881168 VINEYARD_GRAPE_MIM_LP_WINE_CLAIMABLE
	assets:buckets:vineyard_grape_wine_lp_wine_claimable				3.7356275375800004e-7 VINEYARD_GRAPE_WINE_LP_WINE_CLAIMABLE
	assets:buckets:vineyard_mim_wine_lp_wine_claimable				4.834290696979998e-7 VINEYARD_MIM_WINE_LP_WINE_CLAIMABLE
	assets:buckets:vineyard_grape_staked_wine_claimable				2.929709422422322e-7 VINEYARD_GRAPE_STAKED_WINE_CLAIMABLE


2022-06-14 approve grapefinance-vineyard.deposit
	assets:wallet:avax				-0.010387349999999795 AVAX
	assets:buckets:nodes_grape_claimable				0.00010211029944115664 NODES_GRAPE_CLAIMABLE
	assets:buckets:nodes_wine_claimable				6.074127905059992e-7 NODES_WINE_CLAIMABLE
	assets:buckets:vineyard_grape_mim_lp_wine_claimable				4.91691948239e-7 VINEYARD_GRAPE_MIM_LP_WINE_CLAIMABLE
	assets:buckets:vineyard_grape_wine_lp_wine_claimable				1.7343984995800012e-7 VINEYARD_GRAPE_WINE_LP_WINE_CLAIMABLE
	assets:buckets:vineyard_mim_wine_lp_wine_claimable				2.2444921093100009e-7 VINEYARD_MIM_WINE_LP_WINE_CLAIMABLE
	assets:buckets:vineyard_grape_staked_wine_claimable				1.6559227171766833e-7 VINEYARD_GRAPE_STAKED_WINE_CLAIMABLE


2022-06-14 grapefinance-vineyard.deposit[LP grape-wine-lp]
	assets:wallet:avax				-0.03484057500000004 AVAX
	assets:wallet:wine				0.0000019478629303126826 WINE
	assets:wallet:grape_wine_lp				-1.2905476523869628 GRAPE_WINE_LP
	assets:buckets:nodes_grape_claimable				0.000149238129952461 NODES_GRAPE_CLAIMABLE
	assets:buckets:nodes_wine_claimable				8.877571553539995e-7 NODES_WINE_CLAIMABLE
	assets:buckets:vineyard_grape_mim_lp_wine_claimable				7.186266935689998e-7 VINEYARD_GRAPE_MIM_LP_WINE_CLAIMABLE
	assets:buckets:vineyard_grape_wine_lp_staked				1.2905476523869628 VINEYARD_GRAPE_WINE_LP_STAKED
	assets:buckets:vineyard_grape_wine_lp_wine_claimable				-0.000001694373918828 VINEYARD_GRAPE_WINE_LP_WINE_CLAIMABLE
	assets:buckets:vineyard_mim_wine_lp_wine_claimable				3.2804115443799996e-7 VINEYARD_MIM_WINE_LP_WINE_CLAIMABLE
	assets:buckets:vineyard_grape_staked_wine_claimable				2.4201947403795776e-7 VINEYARD_GRAPE_STAKED_WINE_CLAIMABLE


2022-06-14 traderjoe.addLiquidity
	assets:wallet:avax				-0.006577875000000066 AVAX
	assets:buckets:nodes_grape_claimable				0.00003927319209275299 NODES_GRAPE_CLAIMABLE
	assets:buckets:nodes_wine_claimable				5.139646688900002e-7 NODES_WINE_CLAIMABLE
	assets:buckets:vineyard_grape_mim_lp_wine_claimable				3.0257966048699967e-7 VINEYARD_GRAPE_MIM_LP_WINE_CLAIMABLE
	assets:buckets:vineyard_grape_wine_lp_wine_claimable				4.27643336823e-7 VINEYARD_GRAPE_WINE_LP_WINE_CLAIMABLE
	assets:buckets:vineyard_mim_wine_lp_wine_claimable				2.4171453484900033e-7 VINEYARD_MIM_WINE_LP_WINE_CLAIMABLE
	assets:buckets:vineyard_grape_staked_wine_claimable				1.7833013876006332e-7 VINEYARD_GRAPE_STAKED_WINE_CLAIMABLE


2022-06-14 traderjoe.addLiquidity
	assets:wallet:avax				-0.01312964999999977 AVAX
	assets:buckets:nodes_grape_claimable				0.00012567421469680904 NODES_GRAPE_CLAIMABLE
	assets:buckets:nodes_wine_claimable				0.000001027929337779 NODES_WINE_CLAIMABLE
	assets:buckets:vineyard_grape_mim_lp_wine_claimable				6.05159320927e-7 VINEYARD_GRAPE_MIM_LP_WINE_CLAIMABLE
	assets:buckets:vineyard_grape_wine_lp_wine_claimable				6.72010957868e-7 VINEYARD_GRAPE_WINE_LP_WINE_CLAIMABLE
	assets:buckets:vineyard_mim_wine_lp_wine_claimable				3.7983712619099994e-7 VINEYARD_MIM_WINE_LP_WINE_CLAIMABLE
	assets:buckets:vineyard_grape_staked_wine_claimable				2.802330751998372e-7 VINEYARD_GRAPE_STAKED_WINE_CLAIMABLE


2022-06-14 traderjoe.addLiquidity[token1 mim][token2 wine][amount1 34375894210303201248][amount2 128974573807170839]
	assets:wallet:avax				-0.04992682500000001 AVAX
	assets:wallet:mim				-34.3758942103032 MIM
	assets:wallet:wine				-0.12865099556182183 WINE
	assets:wallet:mim_wine_lp				1.7564466856345404 MIM_WINE_LP
	assets:buckets:nodes_grape_claimable				0.000188511322045214 NODES_GRAPE_CLAIMABLE
	assets:buckets:nodes_wine_claimable				0.0000014017218242439997 NODES_WINE_CLAIMABLE
	assets:buckets:vineyard_grape_mim_lp_wine_claimable				9.077389814139997e-7 VINEYARD_GRAPE_MIM_LP_WINE_CLAIMABLE
	assets:buckets:vineyard_grape_wine_lp_wine_claimable				9.1637857891e-7 VINEYARD_GRAPE_WINE_LP_WINE_CLAIMABLE
	assets:buckets:vineyard_mim_wine_lp_wine_claimable				5.179597175340003e-7 VINEYARD_MIM_WINE_LP_WINE_CLAIMABLE
	assets:buckets:vineyard_grape_staked_wine_claimable				4.076117457209316e-7 VINEYARD_GRAPE_STAKED_WINE_CLAIMABLE


2022-06-14 approve grapefinance-vineyard.deposit
	assets:wallet:avax				-0.010387349999999795 AVAX
	assets:buckets:nodes_grape_claimable				0.00005498246892985401 NODES_GRAPE_CLAIMABLE
	assets:buckets:nodes_wine_claimable				3.270684256570002e-7 NODES_WINE_CLAIMABLE
	assets:buckets:vineyard_grape_mim_lp_wine_claimable				2.647572029079998e-7 VINEYARD_GRAPE_MIM_LP_WINE_CLAIMABLE
	assets:buckets:vineyard_grape_wine_lp_wine_claimable				3.36005478935e-7 VINEYARD_GRAPE_WINE_LP_WINE_CLAIMABLE
	assets:buckets:vineyard_mim_wine_lp_wine_claimable				1.89918563095e-7 VINEYARD_MIM_WINE_LP_WINE_CLAIMABLE
	assets:buckets:vineyard_grape_staked_wine_claimable				8.91597710002412e-8 VINEYARD_GRAPE_STAKED_WINE_CLAIMABLE


2022-06-14 grapefinance-vineyard.deposit[LP mim-wine-lp]
	assets:wallet:avax				-0.03484057500000004 AVAX
	assets:wallet:wine				0.000003504860755308703 WINE
	assets:wallet:mim_wine_lp				-1.779652580201521 MIM_WINE_LP
	assets:buckets:nodes_grape_claimable				0.00011781957627825896 NODES_GRAPE_CLAIMABLE
	assets:buckets:nodes_wine_claimable				7.00860912121999e-7 NODES_WINE_CLAIMABLE
	assets:buckets:vineyard_grape_mim_lp_wine_claimable				5.673368633950003e-7 VINEYARD_GRAPE_MIM_LP_WINE_CLAIMABLE
